3692 5750
813 617 928 696 104
1892 638 2059 681 mus
2102 641 2175 682 111

812 807 1124 887 ἐπάναγκες
1183 813 1211 867 ὀ
1260 814 1574 890 στρατηγὸς
1656 818 1729 891 τῇ
1792 808 1965 885 ἓξῆςΙ
2054 810 2242 891 ἡμέρᾳ
2291 811 2499 887 βουλήν
2553 806 2887 893 &Opem-itm,
2921 801 2935 815 ⁹
2965 815 3009 869 εἰ
3069 811 3261 894 δ’ὑπὲρ

809 913 982 993 τοὺςΙ
1073 919 1429 993 πεντήκοντα
1491 914 1758 1000 ἀμφορεῖς
1836 921 1926 993 εἴη
1996 921 2061 975 τὸ
2152 940 2378 995 μεμηνυ
2414 917 2425 988 Ι
2463 917 2654 995 μένον,
2737 919 3047 995 ἐκκλησίαν
3125 922 3256 997 (1);

807 1022 880 1082 in
965 1020 1211 1101 quibus
1294 1022 1637 1082 sententiis
1708 1017 1934 1082 tamen
2020 1027 2067 1081 εἰ
2142 1041 2291 1086 cum
2375 1022 2679 1104 optativo
2762 1044 2895 1086 non
2979 1025 3257 1085 omnino

809 1127 1119 1189 eumdem
1168 1147 1439 1189 sensum
1491 1128 1690 1190 habet
1739 1135 1938 1209 atque
2008 1130 2103 1188 ἐάν
2161 1149 2312 1189 cum
2373 1128 2799 1210 subjunctivo
2868 1130 3080 1212 (quod
3160 1139 3261 1192 est

808 1235 1256 1316 antepositum
1324 1235 1398 1297 in
1475 1236 1717 1315 altera)
1787 1243 1855 1297 et
1933 1233 2279 1317 paululum
2363 1235 2451 1297 ad
2526 1246 2830 1319 tempora
2908 1237 3261 1319 superiora

806 1342 1142 1423 legentem
1223 1341 1444 1404 refert.
1531 1342 1631 1403 Ex
1705 1362 1838 1423 quo
1902 1341 2031 1403 hoc
2086 1349 2347 1403 tantum
2418 1352 2697 1425 apparet
2761 1343 3096 1406 Romanos
3146 1345 3260 1425 qui

806 1451 939 1533 ipsi
996 1450 1371 1531 optativum
1424 1470 1574 1511 cum
1627 1449 2054 1530 subjunctivo
2105 1450 2647 1522 commiscebant,
2721 1450 3011 1512 libenter
3074 1469 3259 1533 prae·

807 1559 1005 1620 terita
1087 1557 1493 1639 subjunctivi
1561 1566 1867 1638 tempora
1939 1577 2059 1639 per
2121 1557 2496 1639 optativum
2565 1557 2962 1628 reddidisse,
3043 1578 3259 1639 neque

699 1735 704 1741 ,
809 1685 1073 1748 semper
1152 1674 1415 1746 tempus
1469 1664 1542 1726 in
1618 1665 1973 1747 principali
2044 1664 2371 1726 sententia
2445 1664 2820 1726 adhibitum
2889 1667 3251 1726 curavisse.

809 1772 1009 1854 Quod
1064 1773 1352 1853 denique
1406 1771 1491 1833 ad
1539 1776 1629 1832 ἵνα
1681 1791 1830 1832 cum
1887 1771 2254 1832 indicativo
2310 1781 2701 1853 usurpatum
2755 1773 3016 1843 attinet,
3075 1772 3258 1854 quod

807 1883 881 1944 in
929 1901 1185 1964 papyro
1233 1881 1523 1962 quadam
1562 1881 1658 1961 (2)
1709 1887 1948 1950 exstat,
2001 1879 2367 1941 verisimile
2415 1889 2518 1941 est
2574 1880 2702 1940 hoc
2751 1899 2896 1941 esse
2938 1880 3258 1962 Aegyptii

809 1988 1067 2051 scribae
1117 1987 1456 2060 mendum,
1490 2006 1639 2049 cum
1690 1987 1762 2047 in
1816 1985 2055 2049 eodem
2108 1985 2306 2048 titulo
2358 1985 2467 2047 bis
2525 1989 2619 2047 ἐάν
2686 2007 2837 2048 cum
2884 1987 3255 2049 indicativo

812 2097 1102 2158 maxime
1151 2095 1438 2158 barbare
1490 2101 1809 2177 appareat
1855 2093 1970 2173 (3).

928 2202 1107 2264 Haec
1166 2201 1436 2284 quidem
1489 2201 1780 2262 maxime
1835 2202 2193 2282 conspicua
2251 2201 2325 2262 in
2378 2201 2630 2262 nostris
2684 2200 2905 2262 titulis
2966 2209 3251 2272 exstant,

810 2311 894 2373 de
948 2309 1157 2372 verbo
1209 2318 1273 2371 et
1324 2309 1682 2370 enuntiatis
1738 2308 1959 2369 omnis
2005 2309 2288 2390 generiS.
2349 2307 2689 2370 Permulta
2747 2328 2906 2370 sane
2964 2308 3262 2390 neglexi·

767 2473 770 2474 γ
811 2439 959 2481 mus
1015 2427 1129 2480 aut
1182 2418 1445 2499 impure
1502 2424 1613 2476 aut
1670 2415 1955 2478 obscure
2018 2414 2219 2492 dicta,
2276 2415 2348 2476 in
2403 2414 2613 2476 titulis
2668 2413 2995 2477 duntaxat
3044 2416 3265 2497 magis

809 2525 1094 2586 barbare
1178 2523 1603 2603 transcriptis
1684 2542 1884 2603 quam
1967 2529 2041 2582 ut
2123 2520 2382 2602 aliquid
2458 2522 2624 2583 certi
2705 2542 2789 2583 ex
2872 2523 2959 2583 iis
3037 2520 3267 2603 colligi

808 2633 1045 2714 possit.
1095 2631 1283 2712 Quae
1334 2649 1496 2692 vero
1564 2629 1712 2690 sine
1782 2627 1989 2690 dubio
2045 2628 2259 2709 accipi
2323 2638 2626 2709 possunt,
2698 2649 2779 2690 ea
2859 2648 3015 2689 raro
3072 2627 3264 2689 illam

810 2761 847 2802 «
905 2758 1233 2801 summam
1284 2737 1736 2818 ignorantiam
1792 2757 1828 2796 »
1888 2734 2247 2796 ostendunt
2300 2755 2502 2816 quam
2551 2735 2833 2797 Viereck
2890 2735 3130 2797 merito
3190 2736 3263 2795 in

811 2855 1081 2910 senatus
1138 2844 1460 2907 consultis
1507 2862 1706 2925 saepe
1749 2843 1976 2905 offerri
2012 2842 2296 2905 notavit.

906 3094 975 3154 (1)
1009 3092 1070 3140 N.
1106 3088 1213 3150 35,
1249 3101 1437 3152 49-533
1461 3086 1530 3135 ct.
1556 3086 1629 3135 id.
1659 3090 1812 3151 §94³0
1843 3088 1899 3134 et
1929 3087 2129 3148 passim
2150 3087 2206 3134 in
2231 3087 2436 3136 edictis.

800 3163 803 3168 ¹
906 3173 975 3231 (2)
1008 3172 1068 3221 N.
1101 3168 1241 3231 122,
1267 3170 1332 3234 36
1361 3183 1374 3218 τ
1410 3167 1493 3217 ἵνα
1517 3171 1565 3217 οἱ
1596 3164 2025 3223 συναλλάσσοντες
2049 3166 2114 3229 μὴ
2145 3167 2252 3216 κατ’
2285 3166 2491 3227 ἄγνοιαν
2513 3161 2868 3231 ἑνεδρεύονται.

909 3254 973 3315 ‹3›
1008 3254 1072 3302 Ν,
1104 3249 1247 3311 122,
1276 3266 1337 3315 34
1364 3263 1377 3298 t
1414 3248 1500 3298 ἐὰν
1545 3284 1586 3300 ..
1618 3250 1871 3312 κρατεῖται
1901 3248 1956 3295 et
1981 3246 2046 3310 38
2077 3247 2186 3296 ἐὰν.
2206 3285 2249 3298 ..
2291 3248 2479 3296 δἐἶσιν.
