3692 5750
1311 603 1398 645 DE
1442 602 1573 646 usu
1614 603 2013 647 nrunomm
2796 585 2875 648 83

538 773 730 836 Nunc
783 774 949 856 jam,
1011 783 1077 837 et
1142 783 1507 857 antequam
1580 776 1664 838 de
1734 795 2044 838 sermone
2118 778 2560 859 epistularum
2617 786 2875 839 nostra·

413 901 567 942 rum
622 881 1002 964 loquamur,
1063 883 1320 964 aliquid
1367 885 1754 945 summatim
1801 884 2023 945 dicere
2080 902 2438 965 possumus
2497 884 2581 945 de
2632 903 2875 967 genere

414 996 483 1051 et
530 990 753 1050 animo
804 990 1108 1051 omnium
1177 990 1375 1070 hujus
1446 989 1634 1051 modi
1711 991 2132 1071 scriptorum.
2195 989 2399 1051 Tituli
2447 1010 2629 1066 sane,
2683 1011 2872 1073 prae-

414 1096 651 1157 sertim
733 1095 917 1178 quod
989 1095 1086 1178 ad*
1154 1095 1444 1177 primum
1519 1104 1585 1158 et
1660 1096 1749 1157 ad
1826 1097 2097 1158 tertium
2183 1098 2523 1159 saeculum
2598 1106 2870 1180 spectat,

413 1201 689 1283 saepius
762 1201 1082 1265 deficiunt
1148 1222 1351 1284 quam
1422 1211 1495 1264 ut
1568 1202 2082 1265 consuetudines
2157 1202 2613 1265 Romanorum
2680 1206 2878 1267 nobis

412 1310 669 1371 sensim
746 1310 939 1391 sequi
1008 1310 1211 1372 liceat
1269 1332 1284 1370 t
1344 1308 1513 1371 illud
1572 1329 1734 1371 vero
1803 1330 1940 1371 non
2015 1309 2377 1372 observare
2449 1332 2588 1373 non
2646 1306 2875 1393 p'ossu-

412 1435 566 1478 mus
613 1415 957 1478 Romanos
1019 1436 1286 1498 semper
1337 1416 1577 1478 iisdem
1632 1417 1955 1485 moribus,
2011 1436 2227 1499 neque
2273 1418 2616 1480 incallidis
2655 1440 2874 1502 neque

413 1523 758 1587 debilibus
838 1545 994 1588 usos
1064 1526 1274 1588 fuisse
1354 1535 1428 1587 ut
1491 1546 1763 1608 graecas
1835 1527 2223 1608 provincias
2298 1525 2870 1604 administrarent,

410 1632 666 1715 quippe
756 1632 874 1715 qui
955 1633 1257 1694 animum
1330 1653 1597 1716 semper
1667 1633 2095 1695 intenderent
2176 1640 2251 1695 ut
2323 1652 2569 1695 nomen
2656 1655 2873 1696 roma·
2944 1655 2949 1660 ·

408 1758 574 1800 num
624 1750 693 1802 et
774 1748 1053 1822 propter
1106 1742 1554 1803 constantiam
1609 1741 1964 1810 coleretur,
2033 1750 2101 1802 et
2169 1741 2604 1802 humanitatis
2667 1761 2871 1803 causa

408 1846 824 1929 diligeretur.
875 1847 1019 1909 Hoc
1061 1868 1329 1930 quoque
1394 1849 1554 1929 jam,
1631 1849 1689 1911 si
1733 1869 1871 1911 non
1934 1848 2347 1928 argumentis
2416 1848 2871 1930 peculiaribus

408 1953 727 2033 probare,
781 1954 1020 2016 saltem
1076 1956 1466 2017 summatim
1510 1957 1891 2038 prospicere
1940 1956 2280 2037 potuimus
2327 1957 2443 2016 vix
2499 1975 2872 2018 sermonem

407 2061 693 2123 latinum
747 2062 928 2124 inter
986 2063 1281 2125 Graecos
1353 2064 1728 2144 irrepsisse,
1781 2083 2001 2144 neque
2059 2061 2194 2125 fere
2249 2063 2444 2124 aliter
2509 2072 2626 2124 aut
2694 2064 2874 2145 prin-

406 2169 593 2249 cipes
666 2177 782 2230 aut
852 2171 1197 2250 praesides
1274 2170 1477 2231 tertio
1547 2169 1813 2232 saeculo
1884 2169 2129 2232 incolis
2184 2172 2442 2253 graecis
2502 2171 2869 2254 quidquam

404 2275 863 2358 promulgare,
945 2284 1145 2358 atque
1225 2277 1511 2359 Augusti
1592 2286 1916 2359 tempore,
1993 2298 2145 2338 eum
2241 2297 2577 2360 perpauca
2640 2280 2871 2340 etiam·

407 2402 590 2444 nunc
641 2382 854 2444 latina
904 2384 1116 2445 oculis
1162 2393 1645 2466 proponantur,
1696 2385 1906 2445 multa
1945 2404 2106 2447 vero
2157 2404 2393 2466 graece
2441 2386 2707 2467 scripta,
2756 2405 2873 2447 seu

405 2479 758 2560 archetypi
810 2499 930 2543 seu
1010 2482 1512 2556 translationes»,
1582 2491 1700 2543 aut
1768 2483 1841 2543 in
1903 2481 2246 2563 lapidibus
2301 2482 2687 2543 incidantur
2759 2490 2873 2544 aut

408 2587 687 2669 papyris
771 2587 1191 2649 mandentur.
1279 2589 1630 2671 Quidquid
1704 2589 1992 2670 denique
2061 2588 2145 2650 de
2209 2588 2453 2649 horum
2521 2589 2871 2650 titulorum

408 2695 716 2757 oratione
789 2694 1244 2777 judicavimus
1315 2695 1458 2775 jam
1536 2693 1736 2755 nobis
1820 2692 2230 2776 significavit
2304 2694 2492 2755 illam
2562 2714 2871 2776 graecam

407 2802 711 2884 linguam
762 2821 936 2883 quae
984 2802 1058 2862 in
1113 2801 1424 2883 epistulis
1479 2802 1731 2863 nostris
1783 2810 2085 2884 apparet,
2143 2795 2531 2884 frequenter
2598 2802 2871 2885 quidem

406 2918 529 2972 aut
577 2909 784 2972 nimis
837 2910 1081 2971 siccam
1138 2919 1256 2970 aut
1310 2910 1516 2971 nimis
1572 2928 1844 2992 gravem
1919 2929 2089 2982 esse,
2150 2917 2218 2972 et
2279 2910 2670 2991 saepissime
2726 2909 2871 2972 lati·

405 3037 570 3078 num
655 3036 1036 3079 sermonem
1113 3015 1442 3089 redolere,
1506 3016 1729 3077 minus
1806 3036 1969 3078 vero
2041 3015 2403 3078 barbaram
2476 3016 2870 3099 plerumque

407 3123 558 3184 fieri
615 3142 816 3204 quam
868 3142 994 3183 nos
1050 3130 1439 3205 exspectare
1486 3125 1740 3205 justum
1812 3123 1922 3184 sit.
2002 3121 2204 3202 Quod
2249 3124 2523 3205 quidem
2587 3125 2869 3187 fortasse

405 3229 812 3293 certioribus
872 3230 1286 3311 argumentis
1352 3229 1550 3291 nobis
1606 3230 2005 3293 confirmare
2070 3230 2322 3302 licebit,
2379 3232 2438 3293 si
2505 3231 2682 3293 hunc
2734 3252 2868 3294 ser-

407 3358 680 3400 monem
735 3338 1164 3420 grammatice
1219 3338 1290 3399 in
1342 3336 1631 3418 singulis
1686 3336 1991 3418 partibus
2040 3340 2604 3420 perspexerimus.
