3692 5750
1374 618 1462 659 nn
1505 617 1637 660 usu
1680 614 2077 658 nwnonmu
2874 592 2955 655 63

1538 967 1828 1039 CAPUT
1899 967 1929 1028 l

746 1161 852 1223 DE:
895 1178 1121 1222 sPEclE
1162 1178 1243 1219 ET
1284 1176 1583 1219 MATERIE
1634 1175 2026 1218 TITULORUM
2077 1174 2715 1218 IMPERATORIORUM.

629 1440 1010 1521 Antequam
1066 1437 1277 1499 titulis
1335 1436 1616 1518 singulis
1684 1436 1768 1499 ab
1825 1435 2355 1520 imperatoribus
2414 1455 2648 1517 graece
2696 1436 2962 1518 scriptis

511 1566 784 1629 operam
862 1545 1120 1619 demna,
1204 1544 1277 1605 id
1358 1543 1557 1606 nobis
1639 1543 2188 1628 conspiciendum
2285 1542 2582 1605 videtur·
2617 1544 2967 1625 cujusnam

510 1661 788 1714 naturae
844 1652 892 1713 ii
947 1651 1352 1732 generaliter
1407 1647 1673 1712 fuerint.

631 1759 931 1821 Primum
1009 1757 1306 1840 quidem,
1383 1756 1469 1817 ab
1537 1756 1846 1837 epistulis
1920 1756 2193 1838 proprie
2260 1756 2480 1827 dictis,
2554 1757 2967 1839 segreganda

516 1874 671 1927 sunt
701 1866 833 1927 alia
882 1865 1130 1945 scripta
1171 1883 1345 1946 quae
1370 1863 1443 1925 in
1470 1872 1776 1925 nostrum
1832 1861 2211 1944 catalogum
2249 1881 2516 1944 quoque
2550 1862 2964 1945 collegimus,

517 1981 743 2057 utpote
807 1991 980 2055 quae
1039 1971 1125 2032 ad
1189 1949 1543 2032 historiam
1618 1978 1684 2031 et
1752 1969 2175 2052 publicorum
2245 1989 2508 2030 morum
2585 1978 2651 2032 et
2716 1969 2971 2051 publici

518 2081 848 2143 sermonis
912 2078 1231 2162 prodesse
1296 2084 1590 2160 possent.
1649 2076 1748 2138 Ex
1804 2076 2055 2158 quibus
2111 2076 2399 2138 maxime
2454 2077 2814 2160 conspicua
2871 2086 2971 2138 est

517 2187 637 2249 illa
682 2185 973 2249 Neronis
1020 2185 1237 2247 oratio
1283 2204 1485 2266 quam
1527 2204 1677 2245 cum
1722 2202 2004 2245 numero
2055 2182 2122 2246 S
2165 2183 2541 2245 retulimus.
2585 2183 2768 2264 Quin
2809 2204 2973 2246 vero

516 2295 713 2375 hujus
789 2293 1057 2376 generis
1128 2291 1312 2353 tituli
1384 2301 1575 2354 extra
1635 2291 2190 2353 consuetudinem
2248 2292 2524 2353 omnino
2588 2291 2727 2353 sint
2775 2310 2973 2354 nemo

520 2400 876 2463 dubitabit.
948 2399 1371 2463 Creberrima
1430 2418 1662 2461 rursus
1723 2398 1996 2460 fuerunt
2052 2397 2171 2459 illa
2224 2398 2445 2460 edicta
2495 2396 2737 2480 quibus
2791 2399 2975 2480 prin-

518 2527 673 2591 ceps
720 2527 858 2570 non
905 2507 1024 2568 uni
1073 2506 1491 2587 magistratui
1522 2513 1634 2566 aut
1655 2505 1775 2567 uni
1796 2518 1800 2527 ’
1820 2505 2100 2576 civitati,
2148 2504 2268 2567 sed
2303 2505 2641 2566 universis
2678 2506 2975 2587 regionis

519 2614 887 2696 cujusdam,
935 2621 1134 2695 atque
1169 2610 1508 2695 interdum
1546 2612 1749 2672 totius
1785 2610 2056 2693 imperii
2094 2611 2333 2672 incolis
2372 2610 2740 2693 quidquam
2777 2611 2977 2694 impe-

520 2692 767 2786 rarent.
841 2721 1143 2801 Quorum
1194 2718 1521 2780 nonnulla
1568 2718 1654 2779 ad
1706 2737 1832 2779 nos
1887 2727 2341 2800 pervenerunt
2390 2718 2602 2780 latine
2650 2719 2904 2801 scripta
2957 2742 2971 2781 ε

521 2827 667 2908 ejus
743 2826 1007 2908 generis
1083 2834 1185 2888 est
1259 2825 1672 2908 prooemium
1755 2824 1958 2887 edicti
2031 2824 2439 2888 Diocletiani
2513 2827 2631 2907 (1),
2702 2835 2769 2889 et
2842 2826 2975 2889 duo

524 2934 789 2998 Claudii
837 2934 1056 2996 edicta
1084 2935 1177 3014 (α)
1222 2934 1294 2995 in
1346 2933 1590 3015 quibus
1640 2941 1795 3015 post
1834 2952 2083 2994 nomen
2139 2942 2206 2994 et
2258 2933 2549 2996 honores
2600 2935 2977 3017 principum

521 3041 730 3103 verba
780 3039 942 3103 dicit
988 3051 1102 3103 aut
1157 3039 1393 3103 dicant
1437 3040 1571 3122 legi
1613 3048 1915 3122 possunt.
1972 3039 2238 3120 Quibus
2293 3040 2521 3103 verbis
2566 3061 2802 3123 graece
2849 3061 2979 3104 res-

523 3147 778 3229 pondet
833 3147 1118 3209 verbum
1171 3150 1326 3229 λέγει
1382 3147 1565 3229 quod
1617 3148 1690 3209 in
1746 3167 1883 3208 uno
1931 3147 2356 3230 imperatoris
2401 3148 2618 3210 edicto
2662 3147 2748 3229 (3)
2795 3149 2980 3211 inve-

522 3255 770 3328 nimuS,
828 3255 1374 3335 frequentissime
1428 3274 1591 3315 vero
1646 3254 1718 3315 in
1768 3255 2280 3336 magistratuum
2332 3254 2567 3316 edictis
2623 3256 2971 3338 reperitur.

642 3362 956 3443 Plerique
1012 3382 1176 3423 vero
1243 3361 1425 3423 tituli
1481 3362 1698 3424 nostri
1776 3362 2212 3443 epistularum
2269 3363 2555 3445 speciem
2625 3362 2974 3443 praebent.

524 3467 930 3550 Multiplices
999 3468 1269 3550 quidem
1323 3467 1524 3528 nobis
1581 3477 1885 3529 servatae
1941 3477 2097 3530 sunt
2152 3468 2308 3530 illae
2366 3469 2691 3551 epistulae
2774 3468 2979 3532 latine

528 3577 813 3658 scriptae
909 3576 999 3654 (4)
1112 3575 1356 3656 quibus
1437 3575 1751 3657 princeps
1835 3595 1953 3637 seu
2037 3576 2455 3657 magistratui
2557 3576 2760 3638 alieni
2863 3597 2982 3639 seu

520 3681 813 3763 regionis
886 3681 1169 3763 alicujus
1238 3681 1489 3763 populo
1554 3691 1669 3743 aut
1743 3681 2133 3744 mandatum
2198 3690 2314 3744 aut
2390 3701 2789 3764 responsum
2845 3692 2979 3746 tra-

523 3789 731 3850 deret.
791 3787 999 3871 Apud
1052 3787 1377 3870 epistulas
1434 3796 1657 3850 autem
1713 3789 2016 3870 ejusdem
2069 3789 2335 3870 generis
2384 3810 2619 3872 graece
2670 3790 2975 3874 scripum,

625 4032 693 4092 (1)
730 4030 859 4080 Vide
893 4035 1161 4093 nostrum,
1193 4043 1246 4081 n.
1282 4029 1385 4081 82.

626 4112 693 4174 (2)
731 4112 858 4161 Vide
893 4113 1119 4161 Hermes
1167 4113 1230 4162 lV
1285 4112 1444 4173 (1870)
1495 4125 1547 4175 p.
1598 4113 1783 4162 99-120
1835 4134 1892 4152 =-
1947 4112 2143 4163 Bruns⁸
2193 4126 2246 4175 p.
2280 4114 2375 4163 240
2405 4126 2457 4162 n.
2493 4114 2580 4164 74:
2615 4115 2692 4163 Ti.
2727 4114 2980 4165 Claudius

525 4193 720 4242 Caesar
755 4195 1034 4256 Augustus
1081 4193 1433 4242 Germanicus
1467 4195 1616 4255 pont.
1654 4195 1879 4242 maxim.
1916 4194 2045 4243 trib.
2081 4196 2277 4256 potest.
2316 4193 2378 4243 vl
2423 4197 2551 4258 imp.
2589 4196 2660 4245 xl
2694 4209 2747 4258 p.
2784 4209 2834 4258 p.
2869 4209 2978 4246 cos.

525 4273 839 4337 designatus
872 4273 967 4323 1111
1002 4272 1314 4322 dicit—cf.
1338 4271 1446 4322 CIL
1467 4273 1538 4321 111
1573 4273 1802 4336 (Suppl.)
1830 4286 1883 4336 p.
1911 4272 2051 4335 1309,
2086 4286 2144 4323 n.
2174 4272 2314 4323 7251.
2354 4300 2411 4310 —
2444 4274 2578 4324 Vide
2595 4289 2809 4338 quoque
2833 4278 2977 4325 edic-

528 4356 646 4403 tum
682 4354 915 4416 Augusti
946 4353 1054 4403 CIL
1083 4353 1128 4402 X
1165 4367 1218 4416 p.
1251 4353 1361 4412 479.
1398 4365 1450 4402 n.
1496 4354 1622 4403 48⁴2
1655 4375 1711 4393 —
1748 4353 1950 4402 Bruns⁶
1986 4367 2036 4416 p.
2071 4353 2183 4416 238,
2219 4366 2273 4401 n.
2309 4353 2387 4404 73.

530 4435 533 4438 ’
619 4432 688 4495 (3)
722 4433 853 4483 Vide
888 4435 1105 4484 initium
1143 4433 1314 4483 nostrl
1350 4434 1498 4483 tituli
1530 4446 1582 4483 n.
1618 4433 1659 4483 8
1705 4435 1800 4497 qul
1833 4436 1960 4483 ante
1992 4436 2292 4484 orationem
2328 4436 2500 4498 ipsam
2537 4436 2702 4486 breve
2742 4436 2976 4486 edictum

528 4515 787 4577 praebet:
821 4511 1163 4578 Αὐτοκράτωρ
1200 4513 1403 4579 Καῖσαρ
1437 4516 1587 4578 λέγει.

622 4596 690 4656 (4)
726 4594 882 4657 Lege.
940 4596 1157 4657 praeter
1214 4594 1398 4643 titulos
1454 4595 1724 4657 lapidibus
1785 4597 2047 4656 servatos,
2106 4597 2224 4645 tum
2283 4608 2657 4661 quaecumque
2715 4599 2978 4660 rescripta

525 4674 732 4723 codices
767 4676 949 4736 postea
1008 4675 1350 4735 receperunt,
1414 4676 1533 4722 tum
1596 4675 1921 4736 praesertim
1957 4674 2216 4737 epistulas
2265 4689 2294 4724 a
2348 4677 2575 4738 Traiano
2623 4678 2689 4726 ad
2747 4677 2976 4728 Plinium
3031 4680 3058 4722 Δ

527 4753 791 4803 minorem
828 4756 1038 4802 missas.
