3692 5750
749 547 826 626 74
1854 567 2023 610 ΡΑῐιε
2066 569 2114 611 11

747 735 1075 807 buendns,
1136 737 1264 797 hoc
1320 737 1394 797 in
1459 739 1692 818 primis
1749 738 1966 819 liquet
2034 758 2413 800 sermonem
2471 738 2746 799 omnino
2799 758 2838 798 a
2893 739 3202 800 sermone

748 864 918 927 puro
974 852 1040 904 et
1091 843 1351 925 liquido
1405 844 1805 916 abhorrere;
1869 845 2226 927 epistulam
2282 866 2443 906 vero
2518 845 2859 907 Valeriani
2925 853 2994 907 et
3047 844 3202 906 Gal-

748 951 913 1013 lieni
967 952 1448 1031 imperatorum
1505 950 1939 1033 Saloninique
2019 953 2325 1014 Caesaris
2386 955 2469 1032 (Ι)
2546 961 2730 1034 patet
2788 973 2825 1015 e
2897 952 3203 1033 vestigiis

747 1057 816 1119 in
889 1067 1173 1141 utraque
1243 1058 1471 1140 lingua
1546 1060 1863 1140 scriptam
1928 1058 2158 1131 fuisse,
2222 1060 2407 1141 quod
2484 1059 2779 1122 ostendit
2858 1059 3060 1121 simul
3136 1069 3205 1121 et

749 1165 1089 1228 Romanos
1138 1165 1406 1226 adnisos
1475 1163 1684 1228 fuisse
1735 1175 1807 1227 ut
1857 1186 2104 1228 nomen
2158 1183 2513 1229 romanum
2557 1168 3017 1236 extenderent,
3077 1166 3203 1228 hoc

747 1292 911 1334 vero
961 1280 1264 1353 tempore
1317 1280 1390 1334 ut
1446 1282 1643 1335 antea
1715 1273 1989 1335 adactos
2048 1273 2258 1336 fuisse
2316 1275 2406 1336 ad
2464 1274 2731 1357 publica
2800 1274 3203 1336 documenta

747 1378 1215 1441 transferenda
1272 1379 1330 1439 si
1385 1378 1471 1441 ab
1528 1380 1773 1442 incolis
1837 1382 2095 1463 graecis
2142 1381 2446 1464 intellegi
2503 1382 2759 1444 vellent
2814 1382 2924 1460 (2).
2976 1380 3201 1461 Quan-

746 1507 949 1569 quam
1006 1489 1216 1569 igitur
1259 1490 1342 1552 de
1399 1495 1539 1550 toto
1598 1487 1720 1549 illo
1796 1488 2060 1550 saeculo
2124 1489 2322 1550 tertio
2398 1489 2795 1570 paucissima
2869 1488 3204 1550 disserere

748 1615 1124 1676 possumne,
1186 1597 1311 1658 hoc
1369 1607 1594 1658 tamen
1645 1615 1898 1657 novum
1963 1596 2255 1675 quodam
2307 1595 2507 1656 modo
2583 1594 2866 1658 sortasse
2936 1596 3202 1676 conspi-

749 1702 943 1777 citur,
1004 1723 1380 1764 sermonem
1464 1702 1805 1784 publicum
1892 1702 2333 1785 epistularum
2415 1722 2806 1784 graecarum
2857 1702 3198 1783 paulatim,

748 1809 895 1869 sive
951 1809 1018 1868 in
1073 1809 1568 1891 exemplaribus
1624 1810 2027 1891 archetypiS,
2090 1810 2237 1870 sive
2286 1810 2359 1870 in
2414 1808 2995 1884 translationibu3‚
3056 1828 3203 1890 pra-

747 1916 901 1977 vius
974 1916 1283 1978 adhiberi
1340 1924 1406 1977 et
1460 1918 1819 1998 corrumpi,
1880 1916 1971 1977 ita
2024 1925 2246 1977 tamen
2303 1925 2398 1989 ut,
2459 1916 2802 1997 plerisque
2860 1915 3204 1978 veteribus

750 2023 1348 2084 consuetudinibus
1406 2025 1689 2085 servatis
1745 2023 1855 2102 (3),
1906 2022 2426 2105 haudquaquam
2484 2023 2811 2103 conjicere
2864 2023 3205 2103 possimus

750 2129 1028 2192 latinam
1084 2131 1380 2211 linguam
1436 2151 1639 2193 unam
1691 2129 1870 2212 apud
1941 2130 2245 2192 Orientis
2309 2129 2594 2212 populos
2659 2149 2814 2190 mox
2886 2130 3202 2210 usurpari

750 2257 970 2320 posse.
2661 2217 2673 2232 ¹

870 2343 1074 2425 Quod
1146 2345 1412 2426 quoqu'e
1486 2343 1992 2405 confirmabitur
2070 2343 2129 2403 si
2198 2343 2416 2404 edicta
2498 2343 2801 2423 ejusdem
2875 2342 3204 2423 temporis

749 2471 888 2512 non
969 2452 1235 2533 penitus
1315 2451 1586 2532 quidem
1658 2452 1773 2512 sed
1852 2450 2231 2511 collationis
2301 2468 2501 2509 causa
2577 2449 3091 2531 inspexerimus,
3152 2448 3206 2509 E

750 2557 999 2640 quibus
1049 2559 1180 2619 tria
1234 2577 1372 2617 non
1429 2557 1703 2619 silentio
1787 2556 2236 2638 praetermitti
2306 2563 2607 2637 possunt,
2669 2554 2921 2615 scilicet
2987 2555 3203 2616 edicta

751 2665 1122 2748 Alexandri
1186 2662 1420 2726 Severi
1476 2664 1561 2726 de
1617 2665 1803 2725 Auro
1852 2663 2249 2733 Coronario‚
2310 2661 2717 2723 Diocletiani
2785 2661 2870 2724 de
2938 2663 3201 2743 pretiiS,

749 2771 1127 2834 Constantii
1212 2771 1443 2833 Chlori
1521 2770 1605 2833 de
1660 2791 1696 2831 «
1779 2775 2308 2855 παρασημειώσεσιν
2380 2789 2438 2830 ».
2513 2769 2590 2831 In
2643 2770 2866 2852 primo
2931 2769 3205 2850 quidem

748 2898 982 2941 eorum
1043 2879 1126 2958 (4)
1178 2878 1359 2960 quod
1404 2880 1474 2939 in
1530 2880 1838 2960 Aegypto
1884 2880 2254 2951 inventum,
2332 2877 2649 2959 privatim
2721 2877 2804 2938 de
2861 2876 3076 2938 latino
3132 2878 3203 2938 in

749 3006 1064 3068 graecum
1148 2985 1547 3047 translatum
1625 2985 1828 3045 fuisse
1904 2986 2193 3058 videtur,
2280 2984 2612 3066 quaedam
2707 2993 3033 3065 apparent
3121 3003 3251 3063 ex,

748 3093 1188 3175 epistularum
1247 3092 1726 3153 consuetudine
1789 3113 1802 3150 ε
1865 3093 2176 3173 princeps
2233 3092 2414 3153 enim
2482 3086 2977 3152 antecessorum
3056 3110 3205 3151 suo·

748 3220 894 3262 rum
948 3200 1255 3281 exempla
1311 3199 1584 3281 profert,
1662 3219 1733 3259 ac
1791 3198 1875 3259 de
1920 3219 2061 3259 sua
2112 3202 2493 3283 φιλανθρωπίᾳ
2550 3206 2613 3258 et
2668 3198 2809 3258 suis
2866 3198 3202 3282 εὐεργεσίαις

752 3306 913 3368 dicit
961 3309 1075 3387 55).
1132 3306 1299 3368 Cum
1349 3326 1510 3367 vero
1567 3306 1692 3367 hoc
1751 3305 2043 3366 edictum
2097 3324 2236 3366 non
2293 3304 2568 3366 Graecis
2620 3305 2837 3366 solum
2908 3305 3030 3367 sed
3083 3304 3201 3366 toti

747 3416 1030 3496 imperio
1107 3416 1501 3481 mitteretur,
1580 3432 1796 3494 neque
1853 3432 2074 3473 sermo
2143 3413 2289 3494 ipse
2360 3420 2475 3473 aut
2546 3413 3031 3494 imperatorum
3090 3420 3204 3473 aut

750 3522 1124 3583 scribarum
1185 3541 1416 3582 eorum
1461 3530 1656 3593 esset,
1715 3541 1856 3581 non
1886 3519 2081 3582 facile
2133 3527 2235 3581 est
2282 3519 2649 3601 quidquam
2697 3539 2780 3581 ex
2835 3539 2914 3580 eo
2954 3517 3201 3580 inferre

748 3629 831 3690 de
887 3629 1484 3690 consuetudinibus
1558 3628 1936 3711 principum
2005 3628 2078 3688 in
2147 3628 2404 3709 graecis
2451 3628 2817 3708 provinciis
2887 3626 3201 3687 adminis-

746 3734 1024 3795 trandis
1087 3735 1367 3815 Majoris
1416 3733 1686 3815 quidem
1764 3734 2108 3803 momenti,
2165 3753 2547 3815 quanquam
2605 3734 3005 3815 archetypus
3067 3753 3200 3794 non

749 3850 893 3911 erat
945 3848 1272 3922 graecu5‚‘
1305 3850 1407 3903 est
1462 3840 1632 3902 illud
1685 3840 2122 3902 memorabile
2177 3840 2468 3902 edictum
2534 3840 2716 3921 quod
2798 3839 3198 3911 Diocletiani

748 3948 833 4010 de
891 3950 1131 4031 pretiis
1183 3947 1432 4009 dicitur
1482 3948 1586 4027 (6).
1648 3946 2191 4009 Desiderandum
2247 3967 2406 4009 sane
2458 3956 2559 4008 est
2613 3947 2795 4028 quod
2850 3946 3200 4009 exordium

843 4140 910 4199 (Ι)
946 4137 1007 4187 Ν.
1042 4136 1137 4188 81.

842 4220 910 4281 (2)
947 4219 1021 4268 De
1055 4232 1082 4266 «
1118 4218 1447 4281 bilinguibus
1481 4232 1507 4264 n
1547 4218 1707 4279 buius
1761 4218 1975 4279 generis
2018 4216 2212 4278 titulis,
2265 4217 2386 4266 vide
2428 4220 2672 4267 nostram
2719 4218 3198 4267 dissertationem:

750 4300 1019 4349 lnssuence
1051 4299 1122 4347 dn
1159 4299 1311 4348 Latln
1346 4311 1443 4347 sur
1476 4298 1526 4346 le
1558 4298 1692 4348 Grec
1722 4310 1772 4360 p.
1807 4296 1952 4346 96-97
1988 4301 2042 4347 et
2076 4311 2127 4359 p.
2166 4298 2256 4347 115
2288 4310 2412 4345 cum
2449 4300 2572 4346 nota
2609 4298 2657 4345 1.
3148 4310 3153 4317 ·

846 4380 910 4439 (3)
949 4380 1141 4428 Noster
1175 4391 1436 4428 numerus
1484 4376 1586 4436 80,
1644 4378 2017 4427 verisimiliter
2060 4379 2119 4426 A.
2159 4377 2219 4426 D.
2255 4376 2349 4425 280
2382 4379 2472 4427 vix
2507 4377 2786 4426 dissimilis
2838 4381 2922 4428 est
2955 4377 3200 4441 priorum

749 4460 1087 4509 saeculorum
1124 4458 1427 4509 titulorum.

843 4541 910 4600 (4)
948 4540 1007 4588 N.
1045 4537 1146 4588 ⁷9.
1225 4566 1236 4581 .

841 4621 910 4680 (5)
944 4619 1007 4671 V.
1043 4619 1076 4667 2
1104 4618 1220 4670 οὐδὲ
1248 4620 1509 4670 ἀποδέοντι
1538 4616 1982 4683 παραδειγμάτων.
2029 4644 2090 4653 -
2123 4618 2183 4667 V.
2223 4618 2280 4667 16
2313 4620 2654 4688 φιλανθρωπίᾳ
2681 4636 2734 4668 τε
2766 4621 2850 4669 καὶ
2895 4620 3202 4686 εὐεργεσίαις

750 4695 1011 4755 συναύξειν
1039 4694 1221 4761 ταύτην
1241 4697 1328 4761 τὴν
1356 4698 1542 4765 ἀρχήν.

844 4779 917 4843 (6»
949 4779 1012 4829 N.
1047 4776 1150 4829 82.
