3692 5750
828 608 908 668 92
1914 601 2081 644 rAas
2125 601 2225 658 ιιι,

1849 984 2143 1050 CAPUT
2185 981 2279 1072 ,11

937 1200 1023 1242 DE
1068 1198 1455 1242 sYNTAxnos
1500 1197 1692 1261 ARTE.
1742 1212 1816 1222 ·-
1877 1194 1968 1237 DE
2008 1191 2344 1235 ARTICULO
2389 1189 2469 1231 BT
2510 1189 2599 1232 DE
2640 1186 3181 1254 PRONOMINIBUS.

945 1485 1157 1549 Paulo
1237 1484 1508 1567 quidem
1594 1483 1790 1565 plura
1869 1482 1952 1543 de
2035 1488 2396 1561 syntaxeos
2468 1485 2608 1539 arte
2682 1476 2878 1537 latini
2957 1473 3287 1535 sermonis

827 1593 1116 1675 vestigia
1168 1593 1616 1659 inveniemus,
1675 1590 1768 1651 ita
1844 1597 2069 1650 tamen
2124 1596 2197 1647 ut
2252 1605 2449 1667 saepe
2517 1584 2744 1666 potius
2797 1579 3165 1664 peculiaria
3223 1587 3290 1641 et

823 1699 1109 1782 fugacia,
1162 1717 1359 1781 quam
1425 1698 1805 1759 communia
1863 1704 1926 1756 et
1979 1713 2295 1756 mansura
2350 1710 2499 1753 esse
2555 1689 2930 1777 videantur.

946 1804 1146 1885 Quod
1245 1806 1534 1886 primum
1618 1803 1704 1864 ad
1787 1800 2144 1864 articulum
2216 1801 2525 1883 pertinet,
2610 1797 2720 1858 illi*
2797 1796 3085 1860 Romani
3167 1795 3287 1877 qui

824 1912 1056 1975 titulos
1108 1920 1377 1973 nostros
1433 1929 1554 1972 seu
1609 1917 1850 1992 sponte
1920 1929 2040 1970 sua
2100 1927 2335 1989 graece
2409 1907 2844 1988 scripserunt,
2904 1924 3024 1966 seu
3076 1903 3288 1965 latine

819 2022 960 2103 jam
1015 2020 1298 2101 scriptos
1363 2017 1873 2090 transtulerunt,
1957 2034 2382 2097 nequaquam
2435 2033 2596 2075 usus
2670 2032 2945 2095 graecos
3018 2012 3289 2093 ignora-

827 2127 1010 2189 bant.
1065 2126 1279 2208 Saepe
1337 2126 1513 2187 enim
1585 2126 1764 2187 inter
1817 2122 2171 2185 articulum
2225 2131 2294 2184 et
2358 2140 2605 2183 nomen
2659 2128 2940 2203 apparet
2995 2118 3286 2200 comple-

825 2242 1124 2296 mentum
1181 2233 1471 2295 maxime
1522 2251 1858 2314 graecum‚
1911 2240 2000 2304 et,
2058 2228 2462 2301 mehercule,
2536 2227 2904 2309 aliquando
2969 2227 3284 2307 longissi-

826 2361 1005 2402 mum
1061 2362 1078 2401 ε
1135 2350 1238 2418 τῆς
1292 2346 1370 2409 εἴς
1420 2365 1490 2421 με
1538 2339 1684 2400 εὖνοί
1718 2343 1729 2419 Ι
1768 2364 1830 2407 ας
1891 2337 1960 2400 S
2015 2357 2136 2411 1·2‚
2212 2338 2281 2400 9
2342 2336 2478 2418 7-8ς
2534 2340 2570 2417 ἡ
2622 2343 2748 2419 περὶ
2802 2339 2953 2416 ἡμᾶς
2994 2337 3284 2420 φιλοτιμία

819 2447 922 2526 (9
977 2448 1117 2527 12);
1168 2447 1272 2526 τὴν
1311 2447 1321 2527 Ι
1357 2448 1736 2530 προκειμένην
1779 2455 1897 2514 τοῖς
1941 2454 2226 2530 σοφισταῖς
2280 2447 2424 2506 κατὰ
2465 2448 2563 2512 τὰς
2620 2448 2769 2511 θείας
2817 2452 2930 2503 τῶν
2990 2448 3281 2526 προγόνων

857 2554 1070 2634 Ιήμῶν
1126 2540 1392 2625 διατάξεις
1475 2552 1732 2615 ἀτέλειαν
1806 2554 2010 2632 (72,
2084 2554 2238 2633 3-6).
2319 2552 2532 2634 Saepe
2602 2571 2868 2634 quoque
2937 2549 3279 2624 articuluS,

824 2681 1010 2723 more
1064 2661 1350 2722 maxime
1401 2681 1664 2743 graece,
1725 2671 1829 2723 est
1884 2662 2207 2744 repetitus
2265 2670 2419 2724 ante
2477 2661 3039 2743 complementum
3091 2666 3282 2740 post-

824 2769 1117 2850 positum
1177 2790 1190 2829 t
1243 2771 1314 2829 τά
1377 2795 1441 2829 τε
1503 2767 1598 2829 οὖν
1646 2771 1788 2846 τέλη
1855 2772 1926 2829 τὰ
1987 2768 2080 2850 ἐ[κ
2117 2773 2127 2847 Ι
2162 2779 2265 2853 τῆς
2312 2774 2497 2853 χώρας
2544 2768 2770 2846 (23,
2828 2754 3021 2848 9210)
3069 2786 3084 2836 ς
3172 2765 3281 2844 τὴν

827 2881 1081 2937 οἰκίαν...
1150 2877 1256 2955 τὴν
1329 2873 1497 2938 οὖσαν
1557 2881 1614 2937 ἐν
1670 2877 1789 2959 τῆ[ι
1846 2881 1918 2937 πό
1952 2879 1964 2956 Ι
2002 2880 2086 2937 λει
2143 2877 2347 2955 (23,
2413 2878 2667 2957 10-12);
2735 2873 2851 2957 qui
2909 2891 3073 2935 usus
3129 2893 3281 2934 eum

822 2983 1048 3065 priore
1099 2984 1414 3045 convenit
1458 2984 1527 3044 in
1588 2983 1768 3060 72,
1821 2984 1948 3045 2-5.
2003 2984 2081 3045 In
2136 3004 2299 3045 vero
2347 2983 2680 3065 ejusmodi
2730 2981 3058 3064 exemplis
3110 2980 3281 3042 acci-

821 3089 920 3150 dit
986 3098 1059 3150 ut
1140 3090 1459 3151 articulus
1540 3089 1639 3151 ibi
1720 3091 2013 3152 omissus
2088 3092 2175 3151 sit
2252 3090 2371 3152 ubi
2443 3089 2649 3152 Attici
2722 3090 3042 3152 libentius
3124 3108 3277 3151 eum

820 3198 1274 3278 exprimerent
1319 3219 1333 3257 t
1379 3197 1480 3280 τῇ]
1526 3201 1811 3282 φιλοτιμίᾳ
1852 3205 1977 3281 περὶ
2021 3198 2125 3276 τὴν
2168 3201 2329 3260 πόλιν
2385 3197 2584 3276 (25,
2630 3197 2726 3280 9);
2784 3194 3119 3281 ἀντίγραφον
3162 3207 3276 3258 τῶν

820 3308 983 3365 θείων
1041 3305 1414 3387 γραμμάτων,
1473 3330 1591 3385 περ.
1626 3306 1637 3384 Ι
1674 3307 1947 3389 φθὲντων,
2026 3314 2150 3367 etc.
2223 3305 2473 3383 (115,
2552 3303 2785 3384 3435).
2856 3303 3057 3385 Quod
3113 3324 3276 3366 vero

820 3412 1040 3472 minus
1125 3412 1524 3473 mendosum
1607 3421 1707 3474 est
1792 3433 1993 3495 quam
2091 3411 2414 3474 articulus
2505 3421 2660 3474 ante
2757 3413 3032 3473 nomina
3130 3412 3276 3474 sine

813 3518 1075 3579 ratione
1130 3518 1421 3579 omissus
1478 3520 1590 3597 (1).

935 3625 1037 3693 De
1091 3624 1219 3686 hoc
1275 3625 1544 3708 quidem
1590 3627 1874 3688 articulo
1945 3627 2219 3696 omisso.
2293 3624 2434 3689 fere
2503 3627 2737 3690 eadem
2812 3625 2918 3686 hic
2987 3625 3271 3687 dicenda

818 3741 974 3794 sunt
1054 3752 1225 3814 quae
1299 3732 1586 3795 Viereck
1659 3734 1741 3796 de
1821 3734 2194 3815 superioris
2278 3735 2517 3795 aetatis
2583 3734 2797 3795 titulis
2856 3733 3268 3796 observavit.

817 3840 1029 3922 Saepe
1099 3841 1280 3901 enim
1335 3839 1764 3902 manifestum
1822 3850 1924 3903 est
1979 3842 2066 3904 ob
2120 3842 2247 3903 hoc
2309 3850 2570 3903 tantum
2629 3841 2981 3903 articulum
3035 3840 3273 3902 abesse

814 3945 995 4029 quod
1051 3947 1337 4009 Romani
1392 3967 1530 4009 non
1580 3946 1862 4009 articulo
1922 3949 2018 4009 uti
2067 3948 2349 4010 soleant.
2412 3948 2540 4009 Hic
2595 3968 2863 4029 quoque
2919 3947 3148 4009 evenit
3196 3958 3273 4010 ut

815 4054 1135 4116 articulus
1195 4055 1266 4115 in
1340 4055 1707 4137 prooemiis
1778 4055 2217 4137 epistularum
2281 4054 2480 4127 absit,
2539 4064 2697 4116 ante
2751 4054 2959 4117 verba
3010 4057 3264 4140 ἄρχουσι,

816 4165 1016 4245 βουλῇ,
1096 4165 1310 4244 δήμῳς
1399 4162 1582 4243 quod
1671 4182 1832 4223 vero
1915 4162 2103 4223 nullo
2182 4163 2382 4223 modo
2462 4170 2777 4224 constans
2860 4172 2980 4233 est,
3050 4184 3267 4245 neque

816 4270 1201 4330 summatim
1293 4268 1577 4330 Viereck
1661 4268 1929 4330 errabat
2007 4289 2155 4331 cum
2249 4269 2812 4333 animadverteret
2910 4271 3266 4352 articulum

906 4503 950 4561 (1
961 4510 973 4561 j
1011 4501 1068 4550 in
1099 4502 1349 4563 epistulis
1382 4503 1449 4551 de
1478 4501 1741 4565 Opramoa
1772 4503 2009 4565 scriniis.
2032 4503 2340 4554 invenimus
2360 4508 2479 4555 tum
2503 4513 2572 4571 τῷ
2602 4514 2757 4572 κοινῷ
2783 4504 3200 4566 Λυκίων39,ΧΙ
3227 4507 3266 4556 Β

816 4596 998 4647 12-13;
1030 4582 1126 4637 41,
1162 4581 1232 4630 xi
1266 4582 1327 4631 G.
1360 4596 1389 4630 2
1421 4582 1515 4643 (Tm
1541 4581 1647 4644 42,
1682 4583 1777 4632 xil
1809 4584 1872 4633 A.
1922 4600 1998 4646 ¹2,
2021 4587 2136 4633 tum
2161 4594 2230 4652 τῷ
2251 4593 2406 4652 κοινῷ
2443 4585 2522 4635 Aa
2551 4590 2561 4644 Ι
2587 4589 2710 4636 κίων
2742 4585 2882 4645 109,
2910 4586 3025 4636 VIII
3061 4589 3125 4647 A,
3158 4603 3264 4657 2-3‚

811 4665 927 4711 tum
951 4663 1182 4724 denique
1208 4670 1277 4711 τῶ
1312 4671 1466 4728 κοινῷ
1487 4670 1584 4711 τῶν
1616 4662 1822 4713 Λυκίων
1853 4663 1956 4725 48,
1980 4665 2075 4713 XII
2110 4665 2167 4727 E,
2196 4680 2345 4729 9-10.
2382 4692 2438 4701 —
2475 4666 2551 4715 Cf.
2581 4670 2831 4716 nostrum
2862 4666 2965 4722 48,
2995 4668 3091 4717 xli
3111 4669 3171 4729 G,
3211 4689 3262 4731 4⁹

808 4755 972 4808 quem
1009 4745 1248 4794 maxime
1274 4743 1529 4794 mutilum
1559 4756 1665 4792 non
1691 4746 2156 4809 transcripsimus.
2186 4768 2240 4786 -
2275 4746 2349 4797 ci.
2379 4746 2621 4809 Viereck,
2659 4761 2710 4810 p.
2734 4748 2819 4798 60.

1466 5676 1494 5687 ·,
1531 5656 1625 5677 A*
