3692 5750
843 620 919 680 52
1945 637 2111 679 PARS
2159 638 2185 679 1

960 809 1123 890 τάχει
1153 807 1238 888 ἓν]
1270 832 1333 868 τε
1364 816 1457 884 τῆι
1490 811 1837 891 μητροπόλει
1868 816 1968 868 τοῦ
1998 815 2173 889 νομοῦ
2202 815 2293 869 καὶ
2326 809 2447 869 καθ’
2484 807 2611 891 &11-

962 939 1131 976 αστον
1161 914 1360 995 τόπο]ν
1390 915 1525 976 αὐτὸ
1556 913 1841 998 προθεῖναι
1870 917 2069 999 σαφέσι
2111 923 2202 976 καὶ
2254 916 2520 997 εὐσήμοις
2653 954 2658 963 -

962 1023 1304 1106 γράμμασιν,
1335 1020 1450 1104 ἵνα]
1483 1028 1574 1082 καὶ
1596 1020 1811 1105 π[αν]τὶ
1844 1020 2095 1105 [δ]ἠ[λ]α
2125 1025 2362 1104 γένηται
2389 1026 2459 1083 τὰ
2490 1020 2634 1106 ὐ[π’]
2665 1026 2805 1104 ἐμοῦ
2836 1021 3157 1106 [σταθέντα.

959 1130 1137 1192 Ante
1192 1130 1440 1212 scripta
1498 1138 1645 1191 erat
1695 1128 1986 1210 epistula
2043 1130 2341 1212 strategi,
2400 1131 2701 1213 sequitur
2750 1130 3062 1194 edictum.

966 1372 1205 1439 120.
1282 1373 1588 1456 Epistula
1661 1381 1729 1435 et
1814 1372 2109 1436 edictum
2191 1372 2265 1436 L.
2351 1373 2537 1436 Lusii
2615 1374 2936 1456 praefecti
3005 1376 3298 1458 Aegypti

836 1481 945 1560 (54
998 1481 1084 1545 Α.
1144 1480 1283 1561 D.).
2859 1476 2864 1479 ’

959 1597 1253 1659 Titulum
1318 1598 1391 1659 in
1444 1615 1717 1659 musaeo
1790 1596 1982 1658 urbis
2065 1595 2272 1659 Gizeh
2347 1596 2564 1658 dictae
2652 1617 2844 1659 serva
2853 1607 2993 1659 tum
3077 1607 3296 1660 trans-

840 1704 1079 1785 cripsit
1131 1704 1170 1768 J
1175 1713 1423 1785 ouguet
1489 1703 1832 1785 ediditque
1886 1702 2172 1765 Grafton
2247 1702 2456 1766 Milne
2522 1706 2619 1783 (ν.
2693 1703 3007 1766 Flinders
3079 1707 3294 1768 Petrie

838 1811 1014 1875 Hist.
1076 1808 1197 1893 Eg.
1257 1810 1567 1893 Append.
1625 1809 1750 1883 111,
1806 1809 1901 1890 5.)

959 2047 1197 2111 Λούσιος
1214 2040 1508 2126 [ἶπαρχος]
1527 2043 1799 2126 Κλαυδίῳ
1819 2046 2013 2103 Λυσα-

957 2153 1048 2227 νίᾳ
1075 2160 1378 2233 στρατηγῷ
1408 2149 1791 2232 Ἀρσινοείτου

958 2260 1192 2339 χαίρειν.
1229 2261 1309 2316 Τ“ο
1335 2257 1838 2340 ὑπογεγραμμένον

959 2364 1177 2443 ἶκθεμα
1204 2367 1401 2444 πρόθες
1430 2365 1488 2421 ἐν
1520 2363 1601 2430 οἷς
1634 2364 1875 2440 καθήκει

837 2479 870 2530 ὅ
962 2477 1061 2531 τοῦ
1091 2477 1266 2552 νομοῦ
1294 2475 1503 2540 τόποις,
1526 2473 1617 2531 ἵνα
1644 2472 1851 2539 πάντες

955 2579 1117 2639 ἴδωσι
1153 2580 1225 2638 τὰ
1253 2578 1343 2637 ὑπ’
1373 2581 1512 2659 ἐμοῦ
1542 2580 1916 2658 κελευόμενα.

960 2683 1242 2768 Ἐρρωσο.

957 2807 1278 2892 Sequitur
1331 2807 1622 2870 edictum
1704 2808 1913 2871 breve
1965 2808 2047 2871 de
2100 2808 2582 2872 sacerdotibus

965 3070 1150 3136 121
1175 3120 1190 3135 .
1243 3071 1552 3133 Edictum
1597 3069 1698 3131 Ti.
1733 3070 1772 3134 J
1776 3070 1896 3132 ulii
1934 3069 2310 3133 Alexandri
2355 3069 2676 3151 praefecti
2714 3071 3006 3152 Augusti
3044 3070 3290 3152 (pridie

836 3198 1050 3241 nonas
1094 3179 1302 3262 julias
1351 3177 1432 3241 68
1486 3179 1571 3240 A.
1633 3178 1750 3257 D.)

956 3303 1252 3366 Titulum
1323 3304 1399 3365 in
1481 3300 1650 3365 Oasi
1727 3303 2107 3365 Thebarum
2189 3313 2529 3386 repertum
2611 3302 2822 3365 edidit
2896 3310 3052 3384 post
3119 3301 3287 3363 alios

837 3411 992 3475 CIG
1039 3411 1220 3492 4957.
1278 3411 1547 3472 Partem
1596 3410 1917 3492 repetivit
1972 3419 2039 3472 et
2092 3412 2162 3472 in
2235 3410 2512 3472 latinam
2577 3410 2880 3493 linguam
2944 3407 3291 3470 transtulit

838 3518 1060 3580 Bruns
1090 3519 1110 3548 ⁶
1169 3517 1201 3578 1
1268 3537 1335 3599 p.
1388 3517 1506 3595 234
1581 3537 1650 3581 n.
1708 3518 1789 3598 69
1844 3518 1960 3599 qui
2012 3518 2101 3580 ad
2153 3517 2636 3579 commentaria
2683 3518 2860 3599 juris
2919 3517 3288 3599 peritorum

836 3625 1061 3689 refert.

874 3815 880 3821 ⁶
955 3840 1187 3903 Edicta
1223 3839 1711 3923 praefectorum
1751 3859 1921 3922 quae
1951 3839 2275 3921 Dionysia
2316 3840 2389 3902 in
2408 3840 2726 3922 petitione
2757 3860 2886 3926 ‘sua
2909 3838 3311 3922 exscripsit..

837 3947 1028 4029 Quae
1076 3949 1149 4010 in
1195 3946 1429 4010 eadem
1506 3967 1762 4030 papyro
1835 3955 2103 4028 reperta
2156 3946 2513 4008 ediderunt
2584 3944 2888 4008 Greufell
2939 3953 3004 4005 et
3077 3945 3285 4015 Haut,

839 4054 1151 4138 Oxhyrh.
1208 4074 1362 4137 pap.
1420 4054 1488 4115 11
1543 4073 1610 4118 n.
1672 4053 1844 4135 237:

962 4296 1201 4359 122.
1256 4295 1556 4358 Primum
1632 4304 1933 4377 tempore
2004 4295 2112 4386 (89
2186 4296 2271 4355 A.
2333 4294 2452 4375 D.)
2523 4302 2624 4355 est
2679 4293 2901 4356 Mettii
2973 4292 3151 4367 Rufi,
3224 4302 3292 4355 et

836 4403 1130 4486 pertinet
1183 4402 1272 4465 ad
1324 4403 1753 4465 archivorum
1807 4402 2183 4464 custodiam
2240 4399 2454 4481 (VIII,
2495 4399 2721 4483 2743).

963 4646 1199 4711 123.
1255 4593 1636 4709 Secundum
1706 4644 1856 4726 (138
1938 4645 2021 4707 A.
2106 4643 2224 4723 D.)
2323 4651 2423 4704 est
2495 4642 2751 4705 Valerii
2835 4642 3306 4750 Eudaemonis

694 4731 716 4752 ⁹
838 4761 906 4816 et
956 4763 1213 4838 spectat
1268 4753 1357 4816 ad
1402 4753 1629 4817 debita
1684 4753 2032 4816 solvenda.
2083 4749 2302 4829 (VIII,
2363 4749 2553 4832 7-18).
