3692 5750
1243 596 1333 638 m:
1376 594 1690 639 sunnone
1732 593 2126 639 'n'mLonuM
2792 577 2905 641 103

451 766 906 849 κοιμι[σθ]ῶσιν;
962 765 1144 847 quod
1195 765 1415 829 simile
1462 773 1567 828 est
1613 764 1908 848 quodam
1958 764 2160 826 modo
2212 766 2297 827 iis
2353 766 2680 847 exemplis
2736 786 2907 848 quae

447 874 740 942 Viereck
789 866 1019 936 retulit
1070 876 1186 954 (1),
1247 893 1464 955 neque
1519 882 1744 936 tamen
1809 881 1949 934 tam
2017 872 2383 934 barbarum
2439 893 2586 935 esse
2641 873 2909 935 videtur

447 1001 651 1063 quam
703 981 847 1061 ejus
897 980 1080 1041 tituli
1121 979 1363 1051 XVIII,
1397 978 1586 1096 484?
1638 983 1700 1048 ἃς
1746 979 1832 1041 ἂν.
1880 981 1889 1060 Ι
1932 981 2399 1042 .συντελέσουσιν.
2431 980 2665 1062 Itaque
2708 980 2910 1042 haud-

446 1107 786 1171 quaquam
862 1075 1063 1168 nobis
1140 1095 1419 1170 apparet
1490 1089 1815 1168 majorem
1890 1072 2137 1168 posteav
2184 1106 2333 1149 esse
2402 1087 2645 1149 factam
2718 1088 2905 1150 illam

449 1214 487 1256 «
541 1194 843 1256 hominis
927 1194 1210 1256 Romani
1265 1215 1303 1255 »
1389 1194 1797 1276 imperitiam
1877 1213 2047 1275 quae
2124 1194 2199 1255 in
2270 1195 2482 1256 titulis
2549 1196 2908 1257 anterioris

450 1302 686 1364 aetatis
738 1301 821 1363 de
881 1303 1077 1383 hujus
1130 1300 1499 1384 particulae
1551 1322 1679 1362 usu
1726 1300 2234 1364 observabatur.

576 1408 681 1471 De
763 1408 918 1470 aliis
996 1409 1495 1471 enuntiatorum
1561 1407 1801 1469 formis
1877 1407 2206 1468 nonnulla
2283 1427 2546 1490 quoque
2617 1408 2911 1470 notanda

449 1524 626 1578 sunt.
705 1514 787 1576 Et
857 1535 1039 1587 sane,
1121 1534 1508 1596 quanquam
1591 1514 2020 1597 participium
2078 1534 2277 1595 saepe
2354 1521 2420 1575 et
2490 1523 2668 1577 recte
2721 1514 2908 1576 adhi-

445 1621 666 1694 betur,
726 1621 967 1683 accidit
1012 1631 1085 1682 ut
1138 1622 1486 1684 enuntiata
1532 1621 1818 1683 relativa
1868 1621 1965 1684 ibi
2018 1621 2460 1702 reperiamuS‚
2504 1620 2619 1682 ubi
2669 1621 2908 1684 Graeci

444 1730 672 1811 potius
758 1730 1114 1811 participio
1193 1729 1298 1790 usi
1375 1727 1683 1791 fuissent.
1745 1727 2105 1790 Paululum
2187 1727 2395 1808 igitur
2448 1728 2648 1790 nobis
2698 1728 2909 1789 latina

445 1836 714 1897 videtur
762 1836 884 1897 illa
940 1835 1296 1910 sententia,
1342 1836 1482 1917 jam
1540 1835 1835 1897 absentis
1904 1835 2169 1896 articuli
2221 1855 2419 1896 causa
2487 1835 2849 1918 conspicua
2888 1835 2903 1874 ²

447 1947 659 2005 Εὔνοια
711 1950 865 2025 ὑμῶν
931 1947 1002 2022 ἣν
1063 1942 1433 2018 ἐνεδείξασθε,
1507 1951 1629 2004 otc·
1712 1945 1825 2022 (2),
1919 1962 1996 2003 ac
2066 1942 2463 2023 praesertim
2529 1942 2633 2003 illi
2708 1942 2908 2004 edicti

448 2049 855 2112 Diocletiani
922 2070 1057 2111 non
1137 2049 1346 2113 semel
1421 2048 1705 2111 notandi
1782 2049 1915 2110 loci
1987 2050 2105 2131 qui
2174 2070 2215 2110 a
2297 2048 2525 2110 verbis
2590 2049 2725 2134 ὅπερ
2795 2057 2912 2110 aut

448 2156 591 2241 ἅπερ
675 2158 1030 2239 incipiunt.
1118 2156 1309 2219 Alibi
1365 2177 1525 2217 vero
1584 2156 1942 2218 relativum
2018 2175 2393 2237 pronomen
2473 2175 2612 2218 non
2710 2155 2911 2217 aliter

449 2264 810 2326 adhibetur
858 2261 1388 2345 atquelatinum
1441 2283 1477 2323 «
1533 2263 1672 2344 qui,
1725 2282 1921 2345 quae,
1975 2263 2158 2344 quod
2196 2283 2232 2322 »
2283 2282 2434 2323 cum
2485 2262 2909 2345 pronominis

451 2393 488 2433 «
541 2372 671 2443 bic,
731 2372 919 2440 haec,
982 2369 1108 2430 hoc
1166 2390 1203 2430 »
1265 2388 1465 2430 sensu
1516 2391 1529 2429 ε
1577 2370 1672 2430 ita
1727 2388 1798 2430 se
1860 2377 2068 2450 agunt
2119 2376 2425 2429 nostrum
2475 2369 2557 2451 ἐφ’
2610 2367 2690 2437 οἷς
2738 2369 2909 2429 ἅπασι

449 2482 660 2539 ἐπαινῶ
718 2484 860 2560 ὑμᾶς
911 2476 1008 2555 (3)
1056 2485 1123 2538 et
1177 2484 1481 2537 nostrum
1538 2477 1670 2559 ὅπερ
1729 2477 1790 2537 οὗ
1851 2478 2035 2544 καλῶς
2092 2477 2381 2558 ἐνδέχεται
2453 2481 2500 2535 εἱ
2558 2477 2638 2556 μὴ
2697 2477 2909 2536 ἄνωθεν

449 2589 673 2668 γένοιτο
748 2584 1060 2669 ἀντίγραφα
1139 2585 1257 2663 (4).
1314 2583 1524 2665 Saepe
1581 2603 1846 2665 quoque
1912 2602 2287 2665 pronomen
2352 2583 2909 2663 interrogativum

446 2693 544 2754 ita
601 2692 976 2754 adhibitum
1037 2692 1441 2760 invenimu5‚
1497 2698 1573 2751 ut
1634 2690 1760 2751 sub
1823 2708 2060 2771 graeco
2118 2708 2426 2751 sermone
2480 2688 2654 2750 illud
2709 2689 2908 2749 inter-

446 2800 830 2882 rogativum
894 2799 1313 2859 enuntiatum
1368 2805 1504 2858 tam
1556 2796 1878 2858 Romanis
1929 2814 2158 2857 carum
2212 2813 2677 2877 agnoscamus,
2736 2796 2909 2857 sicut

446 2906 567 2967 in:
617 2906 852 2988 ἔμαθον]
900 2913 992 2967 καὶ
1033 2912 1166 2990 πρὸς
1214 2906 1343 2974 ὅσας
1372 2908 1558 2973 πόλεις
1586 2903 1714 2987 [ἐπο
1750 2905 1762 2984 Ι
1799 2906 2127 2965 λειτεύσατο
2175 2910 2267 2964 καὶ
2302 2905 2360 2962 ἐν
2404 2901 2664 2986 καιρο[ῖ]ς
2710 2904 2902 2985 τί[σιν,

448 3020 570 3075 ete.
602 3013 699 3094 (5)
753 3020 870 3074 aut
918 3011 1387 3074 verisimiliter
1412 3011 1482 3072 in
1533 3010 1683 3092 τίν[α
1719 3012 1728 3091 Ι
1764 3015 1967 3095 τρόπον
2013 3017 2104 3070 καὶ
2133 3011 2300 3069 πάλιν
2331 3010 2411 3091 (27)
2461 3009 2616 3091 etc.]
2650 3009 2760 3090 (6),
2793 3017 2909 3070 aut

447 3120 690 3181 saltem
752 3143 765 3182 :
827 3126 1001 3200 πόρον
1079 3122 1139 3180 δέ
1218 3097 1367 3180 &cuv
1439 3124 1505 3178 τὸ
1576 3116 1865 3203 ὀφειλόμ[ε
1903 3118 1914 3196 Ι
1951 3141 2042 3177 νον
2113 3119 2276 3185 τέλος
2346 3117 2382 3197 ἢ
2458 3121 2582 3178 τίνα
2661 3123 2899 3179 εἰσιν....

450 3228 869 3311 Ἀριστώνυμος
922 3234 950 3288 ὸ
1005 3229 1169 3295 αὐτὸς
1243 3225 1417 3308 κρινεῖ
1488 3226 1603 3306 (7),
1683 3224 1801 3286 ubi
1878 3223 2160 3286 verbum
2231 3225 2454 3306 ipsum
2530 3224 2902 3306 principale

447 3332 729 3405 dictum,
812 3335 887 3395 in
969 3334 1106 3396 fine
1188 3333 1557 3394 sententiae
1639 3340 1790 3413 post
1865 3332 2416 3412 interrogativam
2501 3332 2901 3393 sententiam

447 3442 764 3522 positum,
824 3440 1108 3501 latinum
1168 3458 1544 3501 sermonem
1602 3436 1881 3499 redolet.
1945 3435 2148 3517 Quod
2197 3457 2362 3499 vero
2418 3437 2506 3499 ad
2561 3441 2901 3500 enuntiata

448 3565 568 3608 seu
623 3547 1074 3629 hypothetica,
1132 3565 1250 3607 seu
1304 3546 1534 3607 finalia
1610 3545 1869 3618 attinet,
1956 3545 2181 3606 omnia
2254 3545 2660 3626 generaliter
2725 3554 2902 3608 recte

448 3673 520 3714 se
567 3654 840 3715 habent.
900 3653 1100 3715 Haud
1156 3651 1365 3713 semel
1418 3660 1644 3713 tamen
1698 3657 1743 3711 εἰ
1795 3672 1948 3712 cum
2016 3653 2320 3734 optativo
2376 3651 2476 3713 ibi
2527 3653 2895 3722 invenitur,

345 3826 348 3831 .
444 3760 562 3822 ubi
640 3760 987 3842 paululum
1045 3762 1140 3821 ἐάν
1198 3780 1349 3821 cum
1407 3759 1833 3838 subjunctivo
1908 3767 2328 3842 exspectaret
2381 3759 2691 3842 quisquis
2754 3779 2903 3821 sen·-

446 3886 593 3929 sum
662 3889 800 3929 non
872 3876 1198 3937 accurate,
1260 3866 1622 3949 inspiceret
1678 3889 1691 3927 :
1745 3871 1796 3927 εἴ
1860 3892 1983 3927 τινα
2055 3866 2284 3936 Θισὸεἷς
2361 3869 2694 3948 ἒπινὲμοιεν,
2771 3874 2894 3928 etc.

479 3974 767 4055 ,δώσουσι
802 3976 927 4055 μέν,
961 3981 1085 4036 ete.
1133 3972 1247 4052 (8),
1300 3981 1364 4033 et
1444 3976 1538 4032 ἐὰν
1626 3974 1686 4032 δὲ
1737 3982 1852 4032 τῶν
1911 3976 1977 4033 ἐκ
2028 3981 2128 4033 τοῦ
2181 3977 2378 4034 πλοίου
2434 3973 2565 4052 τις)
2645 3979 2895 4057 μηνύσῃ,

542 4191 608 4252 (1)
649 4190 714 4239 Ρ.
750 4190 833 4241 67.

540 4270 608 4333 (2)
646 4271 706 4320 Ν.
731 4269 835 4333 62,
858 4271 912 4323 8.

541 4351 612 4412 (3)
647 4351 714 4402 N.
757 4349 817 4412 6,
840 4349 1012 4413 27-28.

542 4432 610 4491 (4)
647 4431 707 4480 N.
739 4429 885 4480 122.
918 4445 1006 4496 3¹·

540 4512 608 4572 (ὅ)
645 4511 708 4560 N.
740 4508 844 4567 42,
874 4510 969 4560 xl!
1003 4513 1066 4567 A,
1111 4524 1281 4568 πει-ις.

541 4592 610 4650 (6)
643 4591 704 4640 N.
741 4590 843 4642 44.
872 4590 1043 4651 xuc,
1080 4605 1156 4650 ιο,
1179 4602 1328 4651 sqq.;
1367 4590 1508 4651 quod
1545 4592 1869 4651 praesertim
1905 4589 2123 4650 quidem
2164 4600 2193 4635 e
2235 4588 2627 4650 supplementis
2659 4592 2891 4638 constat.

544 4673 613 4727 (7)
648 4672 713 4720 N.
744 4669 849 4731 57,
879 4685 985 4732 2-4.

548 4753 616 4814 (8)
650 4752 712 4801 Ν.
744 4749 847 4807 58.
882 4752 1060 4816 15-16.
