<?xml version="1.0" encoding="UTF-8"?>
<!DOCTYPE html PUBLIC "-//W3C//DTD XHTML 1.0 Transitional//EN"
    "http://www.w3.org/TR/xhtml1/DTD/xhtml1-transitional.dtd">
<html xmlns="http://www.w3.org/1999/xhtml" xml:lang="en" lang="en">
 <head>
  <title>
</title>
<meta http-equiv="Content-Type" content="text/html;charset=utf-8" />
  <meta name='ocr-system' content='tesseract 3.04.00' />
  <meta name='ocr-capabilities' content='ocr_page ocr_carea ocr_par ocr_line ocrx_word'/>
</head>
<body>
  <div class='ocr_page' id='page_1' title='image "./deepistulisalii00lafogoog_0086.png"; bbox 0 0 3692 5750; ppageno 0'>
   <div class='ocr_carea' id='block_1_1' title="bbox 795 577 2155 642">
    <p class='ocr_par' dir='ltr' id='par_1_1' title="bbox 795 577 2155 642">
     <span class='ocr_line' id='line_1_1' title="bbox 795 577 2155 642; baseline 0.001 -4"><span class='ocrx_word' id='word_1_1' title='bbox 795 577 875 638; x_wconf 89' lang='lat'><strong>68</strong></span> <span class='ocrx_word' id='word_1_2' title='bbox 1895 599 2064 642; x_wconf 77' lang='lat' dir='ltr'><strong>rAns</strong></span> <span class='ocrx_word' id='word_1_3' title='bbox 2106 600 2155 641; x_wconf 88' lang='lat'><strong>11</strong></span> 
     </span>
    </p>
   </div>
   <div class='ocr_carea' id='block_1_2' title="bbox 788 765 3273 4280">
    <p class='ocr_par' dir='ltr' id='par_1_2' title="bbox 792 765 3273 2887">
     <span class='ocr_line' id='line_1_2' title="bbox 795 765 3252 852; baseline 0.002 -25"><span class='ocrx_word' id='word_1_4' title='bbox 795 767 911 828; x_wconf 88' lang='lat' dir='ltr'><strong>vix</strong></span> <span class='ocrx_word' id='word_1_5' title='bbox 960 766 1033 827; x_wconf 93' lang='lat' dir='ltr'><strong>in</strong></span> <span class='ocrx_word' id='word_1_6' title='bbox 1074 765 1352 828; x_wconf 89' lang='lat' dir='ltr'><strong>dubium</strong></span> <span class='ocrx_word' id='word_1_7' title='bbox 1393 767 1620 829; x_wconf 87' lang='lat' dir='ltr'><strong>vocari</strong></span> <span class='ocrx_word' id='word_1_8' title='bbox 1664 776 1906 850; x_wconf 87' lang='lat' dir='ltr'><strong>potest.</strong></span> <span class='ocrx_word' id='word_1_9' title='bbox 1959 768 2175 830; x_wconf 91' lang='lat' dir='ltr'><strong>Nemo</strong></span> <span class='ocrx_word' id='word_1_10' title='bbox 2226 769 2407 831; x_wconf 90' lang='lat' dir='ltr'><strong>enim</strong></span> <span class='ocrx_word' id='word_1_11' title='bbox 2445 770 2714 852; x_wconf 80' lang='lat' dir='ltr'><strong>ignorat</strong></span> <span class='ocrx_word' id='word_1_12' title='bbox 2748 780 3000 852; x_wconf 89' lang='lat' dir='ltr'><strong>quanto</strong></span> <span class='ocrx_word' id='word_1_13' title='bbox 3031 771 3252 833; x_wconf 91' lang='lat' dir='ltr'><strong>studio</strong></span> 
     </span>
     <span class='ocr_line' id='line_1_3' title="bbox 794 859 3253 959; baseline 0.001 -25"><span class='ocrx_word' id='word_1_14' title='bbox 794 873 907 935; x_wconf 90' lang='lat' dir='ltr'><strong>hic</strong></span> <span class='ocrx_word' id='word_1_15' title='bbox 958 875 1270 957; x_wconf 90' lang='lat' dir='ltr'><strong>princeps</strong></span> <span class='ocrx_word' id='word_1_16' title='bbox 1345 875 1604 955; x_wconf 86' lang='lat' dir='ltr'><strong>graecis</strong></span> <span class='ocrx_word' id='word_1_17' title='bbox 1679 875 1925 937; x_wconf 86' lang='lat' dir='ltr'><strong>litteris</strong></span> <span class='ocrx_word' id='word_1_18' title='bbox 1978 896 2049 937; x_wconf 89' lang='lat' dir='ltr'><strong>se</strong></span> <span class='ocrx_word' id='word_1_19' title='bbox 2123 874 2412 951; x_wconf 77' lang='lat' dir='ltr'><strong>dederit,</strong></span> <span class='ocrx_word' id='word_1_20' title='bbox 2488 859 2555 938; x_wconf 82' lang='lat' dir='ltr'><strong>et</strong></span> <span class='ocrx_word' id='word_1_21' title='bbox 2623 886 2870 958; x_wconf 87' lang='lat' dir='ltr'><strong>quanta</strong></span> <span class='ocrx_word' id='word_1_22' title='bbox 2931 878 3253 959; x_wconf 83' lang='lat' dir='ltr'><strong>jactantia</strong></span> 
     </span>
     <span class='ocr_line' id='line_1_4' title="bbox 796 981 3256 1067; baseline 0.002 -25"><span class='ocrx_word' id='word_1_23' title='bbox 796 981 1146 1043; x_wconf 77' lang='lat' dir='ltr'><strong>ostendere</strong></span> <span class='ocrx_word' id='word_1_24' title='bbox 1211 981 1522 1043; x_wconf 88' lang='lat' dir='ltr'><strong>omnibus</strong></span> <span class='ocrx_word' id='word_1_25' title='bbox 1597 983 1925 1064; x_wconf 79' lang='lat' dir='ltr'><strong>cupiverit</strong></span> <span class='ocrx_word' id='word_1_26' title='bbox 1998 983 2163 1064; x_wconf 91' lang='lat' dir='ltr'><strong>quid</strong></span> <span class='ocrx_word' id='word_1_27' title='bbox 2234 983 2379 1065; x_wconf 92' lang='lat' dir='ltr'><strong>ipse</strong></span> <span class='ocrx_word' id='word_1_28' title='bbox 2453 983 2730 1048; x_wconf 86' lang='lat' dir='ltr'><strong>valeret.</strong></span> <span class='ocrx_word' id='word_1_29' title='bbox 2801 983 2974 1064; x_wconf 88' lang='lat' dir='ltr'><strong>Quis</strong></span> <span class='ocrx_word' id='word_1_30' title='bbox 3045 986 3256 1067; x_wconf 79' lang='lat' dir='ltr'><strong>igitur</strong></span> 
     </span>
     <span class='ocr_line' id='line_1_5' title="bbox 794 1088 3254 1173; baseline 0.002 -24"><span class='ocrx_word' id='word_1_31' title='bbox 794 1089 1075 1150; x_wconf 87' lang='lat' dir='ltr'><strong>miretur</strong></span> <span class='ocrx_word' id='word_1_32' title='bbox 1124 1108 1277 1151; x_wconf 88' lang='lat' dir='ltr'><strong>eum</strong></span> <span class='ocrx_word' id='word_1_33' title='bbox 1332 1088 1745 1171; x_wconf 90' lang='lat' dir='ltr'><strong>voluptatem</strong></span> <span class='ocrx_word' id='word_1_34' title='bbox 1809 1088 2109 1171; x_wconf 83' lang='lat' dir='ltr'>aliquam</span> <span class='ocrx_word' id='word_1_35' title='bbox 2164 1090 2542 1173; x_wconf 79' lang='lat' dir='ltr'><strong>percepisse</strong></span> <span class='ocrx_word' id='word_1_36' title='bbox 2619 1098 2684 1152; x_wconf 88' lang='lat' dir='ltr'><strong>et</strong></span> <span class='ocrx_word' id='word_1_37' title='bbox 2758 1092 2831 1153; x_wconf 90' lang='lat' dir='ltr'><strong>in</strong></span> <span class='ocrx_word' id='word_1_38' title='bbox 2895 1092 3254 1155; x_wconf 89' lang='lat' dir='ltr'><strong>scribenda</strong></span> 
     </span>
     <span class='ocr_line' id='line_1_6' title="bbox 796 1195 3253 1278; baseline 0.001 -21"><span class='ocrx_word' id='word_1_39' title='bbox 796 1203 865 1257; x_wconf 92' lang='lat' dir='ltr'><strong>et</strong></span> <span class='ocrx_word' id='word_1_40' title='bbox 934 1195 1007 1257; x_wconf 90' lang='lat' dir='ltr'><strong>in</strong></span> <span class='ocrx_word' id='word_1_41' title='bbox 1072 1195 1568 1278; x_wconf 91' lang='lat' dir='ltr'><strong>pronuntianda</strong></span> <span class='ocrx_word' id='word_1_42' title='bbox 1642 1197 1949 1257; x_wconf 89' lang='lat' dir='ltr'><strong>oratione</strong></span> <span class='ocrx_word' id='word_1_43' title='bbox 2016 1215 2219 1278; x_wconf 88' lang='lat' dir='ltr'><strong>quam</strong></span> <span class='ocrx_word' id='word_1_44' title='bbox 2301 1195 2605 1260; x_wconf 79' lang='lat' dir='ltr'><strong>Corinthi</strong></span> <span class='ocrx_word' id='word_1_45' title='bbox 2678 1218 2903 1260; x_wconf 91' lang='lat' dir='ltr'><strong>coram</strong></span> <span class='ocrx_word' id='word_1_46' title='bbox 2976 1199 3253 1262; x_wconf 89' lang='lat' dir='ltr'><strong>Graecis</strong></span> 
     </span>
     <span class='ocr_line' id='line_1_7' title="bbox 794 1302 3247 1388; baseline 0.002 -25"><span class='ocrx_word' id='word_1_47' title='bbox 794 1302 1096 1375; x_wconf 89' lang='lat' dir='ltr'><strong>haberet,</strong></span> <span class='ocrx_word' id='word_1_48' title='bbox 1173 1302 1419 1385; x_wconf 88' lang='lat' dir='ltr'><strong>quibus</strong></span> <span class='ocrx_word' id='word_1_49' title='bbox 1501 1302 1884 1365; x_wconf 86' lang='lat' dir='ltr'><strong>libertatem</strong></span> <span class='ocrx_word' id='word_1_50' title='bbox 1970 1304 2298 1368; x_wconf 88' lang='lat' dir='ltr'><strong>redderet.</strong></span> <span class='ocrx_word' id='word_1_51' title='bbox 2395 1304 2732 1367; x_wconf 84' lang='lat' dir='ltr'><strong>Holleaux</strong></span> <span class='ocrx_word' id='word_1_52' title='bbox 2806 1306 3078 1388; x_wconf 91' lang='lat' dir='ltr'><strong>quidem</strong></span> <span class='ocrx_word' id='word_1_53' title='bbox 3159 1308 3247 1388; x_wconf 82' lang='grc' dir='ltr'><strong>(Ι)</strong></span> 
     </span>
     <span class='ocr_line' id='line_1_8' title="bbox 794 1409 3246 1493; baseline 0.002 -22"><span class='ocrx_word' id='word_1_54' title='bbox 794 1413 1005 1473; x_wconf 78' lang='lat' dir='ltr'><strong>multa</strong></span> <span class='ocrx_word' id='word_1_55' title='bbox 1077 1409 1162 1472; x_wconf 91' lang='lat' dir='ltr'><strong>de</strong></span> <span class='ocrx_word' id='word_1_56' title='bbox 1234 1410 1361 1471; x_wconf 91' lang='lat' dir='ltr'><strong>hoc</strong></span> <span class='ocrx_word' id='word_1_57' title='bbox 1443 1410 1639 1472; x_wconf 91' lang='lat' dir='ltr'><strong>titulo</strong></span> <span class='ocrx_word' id='word_1_58' title='bbox 1712 1419 1778 1472; x_wconf 89' lang='lat' dir='ltr'><strong>et</strong></span> <span class='ocrx_word' id='word_1_59' title='bbox 1829 1411 2200 1492; x_wconf 88' lang='lat' dir='ltr'><strong>justissima</strong></span> <span class='ocrx_word' id='word_1_60' title='bbox 2258 1421 2324 1472; x_wconf 91' lang='lat' dir='ltr'><strong>et</strong></span> <span class='ocrx_word' id='word_1_61' title='bbox 2377 1411 2809 1493; x_wconf 85' lang='lat' dir='ltr'><strong>argutissima</strong></span> <span class='ocrx_word' id='word_1_62' title='bbox 2866 1413 3246 1490; x_wconf 79' lang='lat' dir='ltr'><strong>edisseruit,</strong></span> 
     </span>
     <span class='ocr_line' id='line_1_9' title="bbox 797 1516 3270 1604; baseline 0.003 -27"><span class='ocrx_word' id='word_1_63' title='bbox 797 1516 1218 1598; x_wconf 83' lang='lat' dir='ltr'><strong>ostenditque</strong></span> <span class='ocrx_word' id='word_1_64' title='bbox 1291 1524 1358 1579; x_wconf 89' lang='lat' dir='ltr'><strong>et</strong></span> <span class='ocrx_word' id='word_1_65' title='bbox 1410 1537 1546 1599; x_wconf 94' lang='lat' dir='ltr'><strong>quo</strong></span> <span class='ocrx_word' id='word_1_66' title='bbox 1617 1527 1881 1597; x_wconf 78' lang='lat' dir='ltr'><strong>tumore</strong></span> <span class='ocrx_word' id='word_1_67' title='bbox 1946 1519 2259 1600; x_wconf 85' lang='lat' dir='ltr'><strong>princeps</strong></span> <span class='ocrx_word' id='word_1_68' title='bbox 2339 1538 2485 1581; x_wconf 86' lang='lat' dir='ltr'><strong>sese</strong></span> <span class='ocrx_word' id='word_1_69' title='bbox 2555 1519 2916 1591; x_wconf 81' lang='lat' dir='ltr'><strong>attolleret,</strong></span> <span class='ocrx_word' id='word_1_70' title='bbox 2988 1530 3055 1583; x_wconf 89' lang='lat' dir='ltr'><strong>et</strong></span> <span class='ocrx_word' id='word_1_71' title='bbox 3121 1542 3270 1604; x_wconf 84' lang='lat' dir='ltr'><strong>qua,</strong></span> 
     </span>
     <span class='ocr_line' id='line_1_10' title="bbox 795 1624 3250 1712; baseline 0.002 -27"><span class='ocrx_word' id='word_1_72' title='bbox 795 1625 1181 1706; x_wconf 80' lang='lat' dir='ltr'><strong>arrogantia</strong></span> <span class='ocrx_word' id='word_1_73' title='bbox 1235 1644 1351 1686; x_wconf 86' lang='lat' dir='ltr'><strong>eos</strong></span> <span class='ocrx_word' id='word_1_74' title='bbox 1416 1624 1823 1707; x_wconf 83' lang='lat' dir='ltr'><strong>deprimeret</strong></span> <span class='ocrx_word' id='word_1_75' title='bbox 1879 1646 2049 1708; x_wconf 92' lang='lat' dir='ltr'><strong>quos</strong></span> <span class='ocrx_word' id='word_1_76' title='bbox 2108 1625 2433 1687; x_wconf 87' lang='lat' dir='ltr'><strong>beneficio</strong></span> <span class='ocrx_word' id='word_1_77' title='bbox 2513 1646 2636 1688; x_wconf 90' lang='lat' dir='ltr'><strong>suo</strong></span> <span class='ocrx_word' id='word_1_78' title='bbox 2686 1636 2979 1689; x_wconf 89' lang='lat' dir='ltr'><strong>ornaret.</strong></span> <span class='ocrx_word' id='word_1_79' title='bbox 3045 1628 3250 1712; x_wconf 92' lang='lat' dir='ltr'><strong>Cujus</strong></span> 
     </span>
     <span class='ocr_line' id='line_1_11' title="bbox 795 1732 3248 1814; baseline 0.003 -21"><span class='ocrx_word' id='word_1_80' title='bbox 795 1732 1005 1793; x_wconf 92' lang='lat' dir='ltr'><strong>animi</strong></span> <span class='ocrx_word' id='word_1_81' title='bbox 1061 1732 1344 1814; x_wconf 83' lang='lat' dir='ltr'><strong>vestigia</strong></span> <span class='ocrx_word' id='word_1_82' title='bbox 1390 1733 1719 1814; x_wconf 85' lang='lat' dir='ltr'><strong>quaedam</strong></span> <span class='ocrx_word' id='word_1_83' title='bbox 1782 1732 2070 1794; x_wconf 80' lang='lat' dir='ltr'><strong>forsitan</strong></span> <span class='ocrx_word' id='word_1_84' title='bbox 2133 1733 2202 1794; x_wconf 94' lang='lat' dir='ltr'><strong>in</strong></span> <span class='ocrx_word' id='word_1_85' title='bbox 2256 1734 2503 1794; x_wconf 88' lang='lat' dir='ltr'><strong>nostris</strong></span> <span class='ocrx_word' id='word_1_86' title='bbox 2552 1735 2854 1796; x_wconf 88' lang='lat' dir='ltr'><strong>numeris</strong></span> <span class='ocrx_word' id='word_1_87' title='bbox 2911 1734 2974 1799; x_wconf 75' lang='lat'>⁷</span> <span class='ocrx_word' id='word_1_88' title='bbox 3052 1744 3119 1798; x_wconf 92' lang='lat' dir='ltr'><strong>et</strong></span> <span class='ocrx_word' id='word_1_89' title='bbox 3179 1738 3248 1800; x_wconf 76' lang='lat'>9</span> 
     </span>
     <span class='ocr_line' id='line_1_12' title="bbox 794 1838 3265 1924; baseline 0.002 -23"><span class='ocrx_word' id='word_1_90' title='bbox 794 1840 1238 1921; x_wconf 86' lang='lat' dir='ltr'><strong>reperiantur.</strong></span> <span class='ocrx_word' id='word_1_91' title='bbox 1297 1838 1732 1902; x_wconf 82' lang='lat' dir='ltr'><strong>Manifestum</strong></span> <span class='ocrx_word' id='word_1_92' title='bbox 1785 1859 2055 1922; x_wconf 92' lang='lat' dir='ltr'><strong>quoque</strong></span> <span class='ocrx_word' id='word_1_93' title='bbox 2109 1840 2237 1901; x_wconf 91' lang='lat' dir='ltr'><strong>hoc</strong></span> <span class='ocrx_word' id='word_1_94' title='bbox 2299 1839 2498 1901; x_wconf 89' lang='lat' dir='ltr'><strong>nobis</strong></span> <span class='ocrx_word' id='word_1_95' title='bbox 2549 1839 2842 1918; x_wconf 85' lang='lat' dir='ltr'><strong>videtur,</strong></span> <span class='ocrx_word' id='word_1_96' title='bbox 2903 1842 3130 1924; x_wconf 88' lang='lat' dir='ltr'><strong>plures</strong></span> <span class='ocrx_word' id='word_1_97' title='bbox 3178 1845 3265 1914; x_wconf 69' lang='lat' dir='ltr'><strong>in,</strong></span> 
     </span>
     <span class='ocr_line' id='line_1_13' title="bbox 794 1945 3252 2028; baseline 0.002 -22"><span class='ocrx_word' id='word_1_98' title='bbox 794 1945 1059 2006; x_wconf 90' lang='lat' dir='ltr'><strong>dicendi</strong></span> <span class='ocrx_word' id='word_1_99' title='bbox 1101 1964 1346 2027; x_wconf 84' lang='lat' dir='ltr'><strong>genere</strong></span> <span class='ocrx_word' id='word_1_100' title='bbox 1411 1946 1933 2008; x_wconf 90' lang='lat' dir='ltr'><strong>consuetudines</strong></span> <span class='ocrx_word' id='word_1_101' title='bbox 1997 1946 2178 2028; x_wconf 91' lang='lat' dir='ltr'><strong>apud</strong></span> <span class='ocrx_word' id='word_1_102' title='bbox 2224 1955 2365 2008; x_wconf 85' lang='lat' dir='ltr'><strong>tres</strong></span> <span class='ocrx_word' id='word_1_103' title='bbox 2417 1946 2709 2009; x_wconf 90' lang='lat' dir='ltr'><strong>Neronis</strong></span> <span class='ocrx_word' id='word_1_104' title='bbox 2764 1948 2995 2009; x_wconf 90' lang='lat' dir='ltr'><strong>titulos</strong></span> <span class='ocrx_word' id='word_1_105' title='bbox 3073 1948 3252 2011; x_wconf 90' lang='lat' dir='ltr'><strong>haud</strong></span> 
     </span>
     <span class='ocr_line' id='line_1_14' title="bbox 795 2052 3268 2135; baseline 0.002 -21"><span class='ocrx_word' id='word_1_106' title='bbox 795 2053 1004 2114; x_wconf 89' lang='lat' dir='ltr'><strong>semel</strong></span> <span class='ocrx_word' id='word_1_107' title='bbox 1075 2072 1420 2135; x_wconf 87' lang='lat' dir='ltr'><strong>apparere.</strong></span> <span class='ocrx_word' id='word_1_108' title='bbox 1499 2052 1764 2115; x_wconf 87' lang='lat' dir='ltr'><strong>Etenim</strong></span> <span class='ocrx_word' id='word_1_109' title='bbox 1822 2053 2033 2116; x_wconf 88' lang='lat' dir='ltr'><strong>verba</strong></span> <span class='ocrx_word' id='word_1_110' title='bbox 2103 2063 2207 2130; x_wconf 80' lang='grc' dir='ltr'><strong>τῆς</strong></span> <span class='ocrx_word' id='word_1_111' title='bbox 2279 2060 2357 2122; x_wconf 76' lang='grc' dir='ltr'><strong>εἷς</strong></span> <span class='ocrx_word' id='word_1_112' title='bbox 2429 2078 2499 2134; x_wconf 76' lang='grc' dir='ltr'><strong>με</strong></span> <span class='ocrx_word' id='word_1_113' title='bbox 2574 2055 2784 2123; x_wconf 79' lang='grc' dir='ltr'>εὐνοίας</span> <span class='ocrx_word' id='word_1_114' title='bbox 2856 2055 2928 2116; x_wconf 91' lang='lat' dir='ltr'><strong>in</strong></span> <span class='ocrx_word' id='word_1_115' title='bbox 2990 2055 3268 2118; x_wconf 89' lang='lat' dir='ltr'><strong>duobus-</strong></span> 
     </span>
     <span class='ocr_line' id='line_1_15' title="bbox 795 2158 3249 2246; baseline 0.001 -25"><span class='ocrx_word' id='word_1_116' title='bbox 795 2159 1091 2221; x_wconf 89' lang='lat' dir='ltr'><strong>numeris</strong></span> <span class='ocrx_word' id='word_1_117' title='bbox 1138 2158 1205 2222; x_wconf 81' lang='lat' dir='ltr'>S</span> <span class='ocrx_word' id='word_1_118' title='bbox 1248 2160 1339 2238; x_wconf 89' lang='lat' dir='ltr'><strong>(v.</strong></span> <span class='ocrx_word' id='word_1_119' title='bbox 1397 2162 1522 2239; x_wconf 82' lang='lat'><em>1-2)</em></span> <span class='ocrx_word' id='word_1_120' title='bbox 1562 2169 1630 2222; x_wconf 91' lang='lat' dir='ltr'><strong>et</strong></span> <span class='ocrx_word' id='word_1_121' title='bbox 1664 2162 1733 2224; x_wconf 76' lang='lat'>9</span> <span class='ocrx_word' id='word_1_122' title='bbox 1779 2162 1872 2239; x_wconf 89' lang='lat' dir='ltr'><strong>(v.</strong></span> <span class='ocrx_word' id='word_1_123' title='bbox 1914 2161 2478 2242; x_wconf 82' lang='lat' dir='ltr'><strong>7·8)invenimus;</strong></span> <span class='ocrx_word' id='word_1_124' title='bbox 2522 2168 2866 2242; x_wconf 90' lang='lat' dir='ltr'><strong>praeterea</strong></span> <span class='ocrx_word' id='word_1_125' title='bbox 2893 2169 3249 2246; x_wconf 82' lang='grc' dir='ltr'>παρειχόμην</span> 
     </span>
     <span class='ocr_line' id='line_1_16' title="bbox 798 2258 3273 2351; baseline 0.002 -22"><span class='ocrx_word' id='word_1_126' title='bbox 798 2258 894 2346; x_wconf 77' lang='grc' dir='ltr'><strong>(Β</strong></span> <span class='ocrx_word' id='word_1_127' title='bbox 941 2286 1008 2327; x_wconf 93' lang='lat' dir='ltr'><strong>v.</strong></span> <span class='ocrx_word' id='word_1_128' title='bbox 1083 2266 1287 2349; x_wconf 84' lang='lat'>17·18)</span> <span class='ocrx_word' id='word_1_129' title='bbox 1337 2286 1488 2328; x_wconf 92' lang='lat' dir='ltr'><strong>cum</strong></span> <span class='ocrx_word' id='word_1_130' title='bbox 1532 2270 1877 2351; x_wconf 80' lang='grc' dir='ltr'>παρέχεσθαι</span> <span class='ocrx_word' id='word_1_131' title='bbox 1932 2269 2030 2344; x_wconf 73' lang='grc' dir='ltr'><strong>(Β</strong></span> <span class='ocrx_word' id='word_1_132' title='bbox 2072 2287 2137 2329; x_wconf 88' lang='lat' dir='ltr'><strong>v.</strong></span> <span class='ocrx_word' id='word_1_133' title='bbox 2194 2269 2296 2348; x_wconf 81' lang='lat'><strong>27)</strong></span> <span class='ocrx_word' id='word_1_134' title='bbox 2354 2265 2832 2329; x_wconf 85' lang='lat' dir='ltr'><strong>conferendum</strong></span> <span class='ocrx_word' id='word_1_135' title='bbox 2894 2278 3033 2343; x_wconf 87' lang='lat' dir='ltr'><strong>est;</strong></span> <span class='ocrx_word' id='word_1_136' title='bbox 3092 2270 3273 2335; x_wconf 90' lang='lat' dir='ltr'><strong>dein.</strong></span> 
     </span>
     <span class='ocr_line' id='line_1_17' title="bbox 796 2366 3270 2457; baseline 0.004 -23"><span class='ocrx_word' id='word_1_137' title='bbox 796 2375 853 2434; x_wconf 92' lang='lat' dir='ltr'><strong>si</strong></span> <span class='ocrx_word' id='word_1_138' title='bbox 906 2374 1340 2457; x_wconf 88' lang='lat' dir='ltr'><strong>inspiciemus</strong></span> <span class='ocrx_word' id='word_1_139' title='bbox 1390 2375 1608 2436; x_wconf 87' lang='lat' dir='ltr'><strong>locum</strong></span> <span class='ocrx_word' id='word_1_140' title='bbox 1651 2376 2024 2457; x_wconf 73' lang='lat' dir='ltr'><strong>possessivi</strong></span> <span class='ocrx_word' id='word_1_141' title='bbox 2081 2376 2156 2440; x_wconf 85' lang='lat' dir='ltr'><strong>in</strong></span> <span class='ocrx_word' id='word_1_142' title='bbox 2209 2374 2277 2437; x_wconf 80' lang='lat' dir='ltr'>S</span> <span class='ocrx_word' id='word_1_143' title='bbox 2329 2394 2394 2436; x_wconf 80' lang='lat' dir='ltr'><strong>v,</strong></span> <span class='ocrx_word' id='word_1_144' title='bbox 2450 2375 2517 2436; x_wconf 90' lang='lat'><strong>18</strong></span> <span class='ocrx_word' id='word_1_145' title='bbox 2562 2384 2630 2436; x_wconf 92' lang='lat' dir='ltr'><strong>et</strong></span> <span class='ocrx_word' id='word_1_146' title='bbox 2674 2375 2742 2438; x_wconf 81' lang='lat' dir='ltr'>S</span> <span class='ocrx_word' id='word_1_147' title='bbox 2792 2395 2857 2436; x_wconf 87' lang='lat' dir='ltr'><strong>v.</strong></span> <span class='ocrx_word' id='word_1_148' title='bbox 2910 2366 3011 2449; x_wconf 76' lang='lat'><strong>20⁶,</strong></span> <span class='ocrx_word' id='word_1_149' title='bbox 3065 2385 3133 2439; x_wconf 92' lang='lat' dir='ltr'><strong>et</strong></span> <span class='ocrx_word' id='word_1_150' title='bbox 3178 2379 3270 2443; x_wconf 76' lang='lat'><strong>9,</strong></span> 
     </span>
     <span class='ocr_line' id='line_1_18' title="bbox 792 2480 3252 2566; baseline 0.002 -25"><span class='ocrx_word' id='word_1_151' title='bbox 792 2480 884 2562; x_wconf 74' lang='lat' dir='ltr'><strong>v.fl</strong></span> <span class='ocrx_word' id='word_1_152' title='bbox 913 2500 972 2561; x_wconf 80' lang='lat'><strong>7,</strong></span> <span class='ocrx_word' id='word_1_153' title='bbox 1015 2490 1080 2543; x_wconf 92' lang='lat' dir='ltr'><strong>et</strong></span> <span class='ocrx_word' id='word_1_154' title='bbox 1125 2482 1183 2543; x_wconf 90' lang='lat' dir='ltr'><strong>si</strong></span> <span class='ocrx_word' id='word_1_155' title='bbox 1238 2481 1521 2543; x_wconf 88' lang='lat' dir='ltr'><strong>verbum</strong></span> <span class='ocrx_word' id='word_1_156' title='bbox 1567 2486 1844 2563; x_wconf 80' lang='grc' dir='ltr'><strong>ἡγεμόνες</strong></span> <span class='ocrx_word' id='word_1_157' title='bbox 1890 2482 2071 2545; x_wconf 88' lang='lat' dir='ltr'><strong>tituli</strong></span> <span class='ocrx_word' id='word_1_158' title='bbox 2124 2481 2193 2545; x_wconf 81' lang='lat'>8</span> <span class='ocrx_word' id='word_1_159' title='bbox 2245 2502 2310 2542; x_wconf 92' lang='lat' dir='ltr'><strong>v.</strong></span> <span class='ocrx_word' id='word_1_160' title='bbox 2359 2482 2437 2543; x_wconf 77' lang='lat'><strong>25</strong></span> <span class='ocrx_word' id='word_1_161' title='bbox 2483 2500 2636 2543; x_wconf 91' lang='lat' dir='ltr'><strong>cum</strong></span> <span class='ocrx_word' id='word_1_162' title='bbox 2673 2482 2883 2544; x_wconf 88' lang='lat' dir='ltr'><strong>verbo</strong></span> <span class='ocrx_word' id='word_1_163' title='bbox 2922 2482 3252 2566; x_wconf 75' lang='grc' dir='ltr'>ἠγεμ[ο]νίᾳ</span> 
     </span>
     <span class='ocr_line' id='line_1_19' title="bbox 792 2587 3250 2672; baseline 0.001 -22"><span class='ocrx_word' id='word_1_164' title='bbox 792 2590 1060 2651; x_wconf 89' lang='lat' dir='ltr'><strong>numeri</strong></span> <span class='ocrx_word' id='word_1_165' title='bbox 1133 2587 1196 2652; x_wconf 75' lang='lat'>⁷</span> <span class='ocrx_word' id='word_1_166' title='bbox 1258 2608 1321 2650; x_wconf 89' lang='lat' dir='ltr'><strong>v.</strong></span> <span class='ocrx_word' id='word_1_167' title='bbox 1413 2592 1477 2652; x_wconf 90' lang='lat'><strong>16</strong></span> <span class='ocrx_word' id='word_1_168' title='bbox 1559 2609 2076 2671; x_wconf 84' lang='lat' dir='ltr'><strong>componemus,</strong></span> <span class='ocrx_word' id='word_1_169' title='bbox 2144 2587 2282 2650; x_wconf 84' lang='lat' dir='ltr'><strong>fere</strong></span> <span class='ocrx_word' id='word_1_170' title='bbox 2357 2589 2504 2650; x_wconf 86' lang='lat' dir='ltr'><strong>sine</strong></span> <span class='ocrx_word' id='word_1_171' title='bbox 2583 2587 2791 2650; x_wconf 90' lang='lat' dir='ltr'><strong>dubio</strong></span> <span class='ocrx_word' id='word_1_172' title='bbox 2858 2588 3250 2672; x_wconf 79' lang='lat' dir='ltr'><strong>colligemus</strong></span> 
     </span>
     <span class='ocr_line' id='line_1_20' title="bbox 793 2694 3252 2778; baseline 0.001 -21"><span class='ocrx_word' id='word_1_173' title='bbox 793 2716 928 2757; x_wconf 91' lang='lat' dir='ltr'><strong>uno</strong></span> <span class='ocrx_word' id='word_1_174' title='bbox 993 2705 1192 2778; x_wconf 83' lang='lat' dir='ltr'><strong>atque</strong></span> <span class='ocrx_word' id='word_1_175' title='bbox 1248 2696 1486 2758; x_wconf 92' lang='lat' dir='ltr'><strong>eodem</strong></span> <span class='ocrx_word' id='word_1_176' title='bbox 1532 2695 1708 2776; x_wconf 78' lang='lat' dir='ltr'><strong>stylo</strong></span> <span class='ocrx_word' id='word_1_177' title='bbox 1778 2696 1905 2757; x_wconf 85' lang='lat' dir='ltr'><strong>hos</strong></span> <span class='ocrx_word' id='word_1_178' title='bbox 1968 2695 2204 2759; x_wconf 86' lang='lat' dir='ltr'><strong>titulos</strong></span> <span class='ocrx_word' id='word_1_179' title='bbox 2276 2694 2792 2776; x_wconf 87' lang='lat' dir='ltr'><strong>haudquaquam</strong></span> <span class='ocrx_word' id='word_1_180' title='bbox 2858 2695 3252 2777; x_wconf 89' lang='lat' dir='ltr'><strong>simpliciter</strong></span> 
     </span>
     <span class='ocr_line' id='line_1_21' title="bbox 793 2803 2275 2887; baseline 0 -22"><span class='ocrx_word' id='word_1_181' title='bbox 793 2804 1198 2887; x_wconf 85' lang='lat' dir='ltr'><strong>compositos</strong></span> <span class='ocrx_word' id='word_1_182' title='bbox 1255 2803 1484 2865; x_wconf 81' lang='lat' dir='ltr'><strong>fuisse.</strong></span> <span class='ocrx_word' id='word_1_183' title='bbox 2271 2823 2275 2827; x_wconf 85' lang='grc'><em>·</em></span> 
     </span>
    </p>

    <p class='ocr_par' dir='ltr' id='par_1_3' title="bbox 788 2909 3269 4280">
     <span class='ocr_line' id='line_1_22' title="bbox 914 2909 3269 2995; baseline -0.001 -21"><span class='ocrx_word' id='word_1_184' title='bbox 914 2911 1116 2992; x_wconf 91' lang='lat' dir='ltr'><strong>Quod</strong></span> <span class='ocrx_word' id='word_1_185' title='bbox 1190 2931 1352 2974; x_wconf 87' lang='lat' dir='ltr'><strong>vero</strong></span> <span class='ocrx_word' id='word_1_186' title='bbox 1425 2911 1512 2973; x_wconf 86' lang='lat' dir='ltr'><strong>ad</strong></span> <span class='ocrx_word' id='word_1_187' title='bbox 1589 2912 1951 2995; x_wconf 87' lang='lat' dir='ltr'><strong>Trajanum</strong></span> <span class='ocrx_word' id='word_1_188' title='bbox 2015 2911 2272 2986; x_wconf 86' lang='lat' dir='ltr'><strong>attinet,</strong></span> <span class='ocrx_word' id='word_1_189' title='bbox 2354 2911 2515 2990; x_wconf 86' lang='lat' dir='ltr'><strong>(non</strong></span> <span class='ocrx_word' id='word_1_190' title='bbox 2575 2918 2680 2972; x_wconf 86' lang='lat' dir='ltr'><strong>est</strong></span> <span class='ocrx_word' id='word_1_191' title='bbox 2744 2910 2925 2972; x_wconf 90' lang='lat' dir='ltr'><strong>enim</strong></span> <span class='ocrx_word' id='word_1_192' title='bbox 2977 2930 3128 2979; x_wconf 62' lang='lat' dir='ltr'><strong>cur,</strong></span> <span class='ocrx_word' id='word_1_193' title='bbox 3165 2909 3269 2978; x_wconf 76' lang='lat' dir='ltr'><strong>de,</strong></span> 
     </span>
     <span class='ocr_line' id='line_1_23' title="bbox 792 3016 3248 3102; baseline -0.001 -21"><span class='ocrx_word' id='word_1_194' title='bbox 792 3019 1083 3082; x_wconf 83' lang='lat' dir='ltr'><strong>maxime</strong></span> <span class='ocrx_word' id='word_1_195' title='bbox 1139 3018 1399 3081; x_wconf 91' lang='lat' dir='ltr'><strong>mutilis</strong></span> <span class='ocrx_word' id='word_1_196' title='bbox 1471 3018 1869 3102; x_wconf 88' lang='lat' dir='ltr'><strong>Vespasiani</strong></span> <span class='ocrx_word' id='word_1_197' title='bbox 1940 3025 2007 3080; x_wconf 87' lang='lat' dir='ltr'><strong>et</strong></span> <span class='ocrx_word' id='word_1_198' title='bbox 2061 3017 2437 3080; x_wconf 89' lang='lat' dir='ltr'><strong>Domitiani</strong></span> <span class='ocrx_word' id='word_1_199' title='bbox 2484 3025 2553 3082; x_wconf 90' lang='lat' dir='ltr'><strong>et</strong></span> <span class='ocrx_word' id='word_1_200' title='bbox 2604 3016 2870 3080; x_wconf 90' lang='lat' dir='ltr'><strong>Nervae</strong></span> <span class='ocrx_word' id='word_1_201' title='bbox 2937 3018 3248 3100; x_wconf 86' lang='lat' dir='ltr'><strong>epistulis</strong></span> 
     </span>
     <span class='ocr_line' id='line_1_24' title="bbox 793 3124 3241 3217; baseline -0.001 -28"><span class='ocrx_word' id='word_1_202' title='bbox 793 3127 1160 3210; x_wconf 85' lang='lat' dir='ltr'><strong>quidquam</strong></span> <span class='ocrx_word' id='word_1_203' title='bbox 1235 3129 1657 3206; x_wconf 87' lang='lat' dir='ltr'><strong>annotemus)</strong></span> <span class='ocrx_word' id='word_1_204' title='bbox 1731 3126 1950 3209; x_wconf 90' lang='lat' dir='ltr'><strong>liquet</strong></span> <span class='ocrx_word' id='word_1_205' title='bbox 2023 3144 2161 3217; x_wconf 78' lang='lat' dir='ltr'><strong>non</strong></span> <span class='ocrx_word' id='word_1_206' title='bbox 2233 3124 2468 3187; x_wconf 85' lang='lat' dir='ltr'><strong>eadem</strong></span> <span class='ocrx_word' id='word_1_207' title='bbox 2544 3125 2998 3188; x_wconf 84' lang='lat' dir='ltr'><strong>existimanda</strong></span> <span class='ocrx_word' id='word_1_208' title='bbox 3075 3145 3241 3188; x_wconf 87' lang='lat' dir='ltr'><strong>esse.</strong></span> 
     </span>
     <span class='ocr_line' id='line_1_25' title="bbox 791 3231 3242 3317; baseline -0 -21"><span class='ocrx_word' id='word_1_209' title='bbox 791 3234 1059 3297; x_wconf 90' lang='lat' dir='ltr'><strong>Etenim</strong></span> <span class='ocrx_word' id='word_1_210' title='bbox 1108 3237 1389 3298; x_wconf 83' lang='lat' dir='ltr'><strong>verbum</strong></span> <span class='ocrx_word' id='word_1_211' title='bbox 1437 3233 2101 3317; x_wconf 76' lang='grc' dir='ltr'><strong>μεθ]ηρ[μηνευ1μὲνης,</strong></span> <span class='ocrx_word' id='word_1_212' title='bbox 2151 3231 2334 3313; x_wconf 93' lang='lat' dir='ltr'><strong>quod</strong></span> <span class='ocrx_word' id='word_1_213' title='bbox 2375 3232 2445 3293; x_wconf 92' lang='lat' dir='ltr'><strong>in</strong></span> <span class='ocrx_word' id='word_1_214' title='bbox 2490 3253 2752 3315; x_wconf 77' lang='lat' dir='ltr'><strong>papyro</strong></span> <span class='ocrx_word' id='word_1_215' title='bbox 2809 3242 3038 3295; x_wconf 88' lang='lat' dir='ltr'><strong>nostra</strong></span> <span class='ocrx_word' id='word_1_216' title='bbox 3086 3234 3242 3310; x_wconf 72' lang='lat'><strong>14,</strong></span> 
     </span>
     <span class='ocr_line' id='line_1_26' title="bbox 793 3339 3245 3422; baseline -0.001 -20"><span class='ocrx_word' id='word_1_217' title='bbox 793 3361 860 3405; x_wconf 88' lang='lat' dir='ltr'><strong>v.</strong></span> <span class='ocrx_word' id='word_1_218' title='bbox 926 3361 1049 3418; x_wconf 81' lang='lat'><strong>1-2,</strong></span> <span class='ocrx_word' id='word_1_219' title='bbox 1096 3341 1367 3404; x_wconf 85' lang='lat' dir='ltr'><strong>difficile</strong></span> <span class='ocrx_word' id='word_1_220' title='bbox 1409 3350 1512 3402; x_wconf 89' lang='lat' dir='ltr'><strong>est</strong></span> <span class='ocrx_word' id='word_1_221' title='bbox 1548 3361 1685 3402; x_wconf 89' lang='lat' dir='ltr'><strong>non</strong></span> <span class='ocrx_word' id='word_1_222' title='bbox 1743 3340 1990 3422; x_wconf 81' lang='lat' dir='ltr'><strong>legere,</strong></span> <span class='ocrx_word' id='word_1_223' title='bbox 2043 3339 2461 3401; x_wconf 86' lang='lat' dir='ltr'><strong>demonstrat</strong></span> <span class='ocrx_word' id='word_1_224' title='bbox 2510 3340 2884 3422; x_wconf 86' lang='lat' dir='ltr'><strong>principem</strong></span> <span class='ocrx_word' id='word_1_225' title='bbox 2930 3349 3045 3403; x_wconf 88' lang='lat' dir='ltr'><strong>aut</strong></span> <span class='ocrx_word' id='word_1_226' title='bbox 3087 3340 3245 3401; x_wconf 89' lang='lat' dir='ltr'><strong>scri-</strong></span> 
     </span>
     <span class='ocr_line' id='line_1_27' title="bbox 792 3445 3248 3532; baseline -0.002 -21"><span class='ocrx_word' id='word_1_227' title='bbox 792 3450 949 3511; x_wconf 88' lang='lat' dir='ltr'><strong>bam</strong></span> <span class='ocrx_word' id='word_1_228' title='bbox 1004 3450 1335 3532; x_wconf 88' lang='lat' dir='ltr'><strong>principis</strong></span> <span class='ocrx_word' id='word_1_229' title='bbox 1376 3448 1583 3511; x_wconf 88' lang='lat' dir='ltr'><strong>latine</strong></span> <span class='ocrx_word' id='word_1_230' title='bbox 1621 3448 1812 3530; x_wconf 91' lang='lat' dir='ltr'><strong>prius</strong></span> <span class='ocrx_word' id='word_1_231' title='bbox 1858 3467 2006 3509; x_wconf 89' lang='lat' dir='ltr'><strong>eam</strong></span> <span class='ocrx_word' id='word_1_232' title='bbox 2049 3446 2400 3528; x_wconf 87' lang='lat' dir='ltr'><strong>epistulam</strong></span> <span class='ocrx_word' id='word_1_233' title='bbox 2455 3446 2850 3528; x_wconf 80' lang='lat' dir='ltr'><strong>scripsisse3</strong></span> <span class='ocrx_word' id='word_1_234' title='bbox 2904 3467 3026 3510; x_wconf 91' lang='lat' dir='ltr'><strong>nec</strong></span> <span class='ocrx_word' id='word_1_235' title='bbox 3065 3445 3248 3529; x_wconf 89' lang='lat' dir='ltr'><strong>quid·</strong></span> 
     </span>
     <span class='ocr_line' id='line_1_28' title="bbox 792 3547 3245 3639; baseline -0.002 -20"><span class='ocrx_word' id='word_1_236' title='bbox 792 3577 994 3639; x_wconf 90' lang='lat' dir='ltr'><strong>quam</strong></span> <span class='ocrx_word' id='word_1_237' title='bbox 1045 3558 1211 3619; x_wconf 86' lang='lat' dir='ltr'><strong>certi</strong></span> <span class='ocrx_word' id='word_1_238' title='bbox 1267 3576 1394 3618; x_wconf 88' lang='lat' dir='ltr'><strong>nos</strong></span> <span class='ocrx_word' id='word_1_239' title='bbox 1436 3547 1754 3638; x_wconf 72' lang='lat' dir='ltr'><strong>colligere</strong></span> <span class='ocrx_word' id='word_1_240' title='bbox 1796 3555 1955 3617; x_wconf 89' lang='lat' dir='ltr'><strong>licet</strong></span> <span class='ocrx_word' id='word_1_241' title='bbox 1995 3574 2070 3615; x_wconf 78' lang='lat' dir='ltr'><strong>ex</strong></span> <span class='ocrx_word' id='word_1_242' title='bbox 2120 3553 2274 3615; x_wconf 88' lang='lat' dir='ltr'><strong>aliis</strong></span> <span class='ocrx_word' id='word_1_243' title='bbox 2316 3553 2552 3615; x_wconf 84' lang='lat' dir='ltr'><strong>titulis.</strong></span> <span class='ocrx_word' id='word_1_244' title='bbox 2607 3554 3245 3617; x_wconf 85' lang='lat' dir='ltr'><strong>Animadvertamus</strong></span> 
     </span>
     <span class='ocr_line' id='line_1_29' title="bbox 791 3660 3245 3746; baseline -0.002 -21"><span class='ocrx_word' id='word_1_245' title='bbox 791 3683 1057 3746; x_wconf 89' lang='lat' dir='ltr'><strong>qnoque</strong></span> <span class='ocrx_word' id='word_1_246' title='bbox 1096 3663 1489 3725; x_wconf 89' lang='lat' dir='ltr'><strong>sententiam</strong></span> <span class='ocrx_word' id='word_1_247' title='bbox 1530 3661 1824 3743; x_wconf 73' lang='lat' dir='ltr'><strong>Traiani,</strong></span> <span class='ocrx_word' id='word_1_248' title='bbox 1866 3661 1950 3723; x_wconf 89' lang='lat' dir='ltr'><strong>de</strong></span> <span class='ocrx_word' id='word_1_249' title='bbox 2007 3660 2467 3734; x_wconf 84' lang='lat' dir='ltr'><strong>controversia</strong></span> <span class='ocrx_word' id='word_1_250' title='bbox 2507 3661 2684 3721; x_wconf 87' lang='lat' dir='ltr'><strong>inter</strong></span> <span class='ocrx_word' id='word_1_251' title='bbox 2728 3660 3245 3743; x_wconf 87' lang='lat' dir='ltr'><strong>Amphissenses</strong></span> 
     </span>
     <span class='ocr_line' id='line_1_30' title="bbox 792 3767 3244 3852; baseline -0.001 -19"><span class='ocrx_word' id='word_1_252' title='bbox 792 3779 859 3833; x_wconf 88' lang='lat' dir='ltr'><strong>et</strong></span> <span class='ocrx_word' id='word_1_253' title='bbox 904 3772 1271 3851; x_wconf 84' lang='lat' dir='ltr'><strong>Myanaeos</strong></span> <span class='ocrx_word' id='word_1_254' title='bbox 1310 3771 1645 3850; x_wconf 88' lang='lat' dir='ltr'><strong>scriptam,</strong></span> <span class='ocrx_word' id='word_1_255' title='bbox 1696 3777 1959 3831; x_wconf 88' lang='lat' dir='ltr'><strong>tantum</strong></span> <span class='ocrx_word' id='word_1_256' title='bbox 1999 3768 2210 3830; x_wconf 91' lang='lat' dir='ltr'><strong>latine</strong></span> <span class='ocrx_word' id='word_1_257' title='bbox 2250 3776 2585 3829; x_wconf 89' lang='lat' dir='ltr'><strong>servatam</strong></span> <span class='ocrx_word' id='word_1_258' title='bbox 2628 3767 2836 3831; x_wconf 86' lang='lat' dir='ltr'><strong>fuisse</strong></span> <span class='ocrx_word' id='word_1_259' title='bbox 2882 3769 2994 3849; x_wconf 70' lang='grc' dir='ltr'>(α),</span> <span class='ocrx_word' id='word_1_260' title='bbox 3027 3788 3244 3852; x_wconf 89' lang='lat' dir='ltr'><strong>neque</strong></span> 
     </span>
     <span class='ocr_line' id='line_1_31' title="bbox 791 3874 3264 3959; baseline -0.001 -20"><span class='ocrx_word' id='word_1_261' title='bbox 791 3877 932 3938; x_wconf 91' lang='lat' dir='ltr'><strong>ullo</strong></span> <span class='ocrx_word' id='word_1_262' title='bbox 960 3877 1162 3939; x_wconf 92' lang='lat' dir='ltr'><strong>modo</strong></span> <span class='ocrx_word' id='word_1_263' title='bbox 1199 3876 1497 3959; x_wconf 90' lang='lat' dir='ltr'><strong>probari,</strong></span> <span class='ocrx_word' id='word_1_264' title='bbox 1531 3877 1589 3937; x_wconf 88' lang='lat' dir='ltr'><strong>si</strong></span> <span class='ocrx_word' id='word_1_265' title='bbox 1619 3876 1962 3957; x_wconf 84' lang='lat' dir='ltr'><strong>exemplar</strong></span> <span class='ocrx_word' id='word_1_266' title='bbox 1990 3894 2302 3957; x_wconf 83' lang='lat' dir='ltr'><strong>graecum</strong></span> <span class='ocrx_word' id='word_1_267' title='bbox 2330 3875 2681 3950; x_wconf 80' lang='lat' dir='ltr'><strong>exstiterit,</strong></span> <span class='ocrx_word' id='word_1_268' title='bbox 2714 3874 2841 3936; x_wconf 90' lang='lat' dir='ltr'><strong>hoc</strong></span> <span class='ocrx_word' id='word_1_269' title='bbox 2869 3895 3005 3937; x_wconf 92' lang='lat' dir='ltr'><strong>non</strong></span> <span class='ocrx_word' id='word_1_270' title='bbox 3033 3884 3264 3947; x_wconf 68' lang='lat' dir='ltr'><strong>trans-,</strong></span> 
     </span>
     <span class='ocr_line' id='line_1_32' title="bbox 789 3981 3242 4065; baseline -0.001 -20"><span class='ocrx_word' id='word_1_271' title='bbox 789 3983 1115 4046; x_wconf 89' lang='lat' dir='ltr'><strong>lationem</strong></span> <span class='ocrx_word' id='word_1_272' title='bbox 1170 4003 1336 4046; x_wconf 90' lang='lat' dir='ltr'><strong>esse.</strong></span> <span class='ocrx_word' id='word_1_273' title='bbox 1398 3981 1745 4065; x_wconf 91' lang='lat' dir='ltr'><strong>Quidquid</strong></span> <span class='ocrx_word' id='word_1_274' title='bbox 1788 3981 1864 4043; x_wconf 94' lang='lat' dir='ltr'><strong>id</strong></span> <span class='ocrx_word' id='word_1_275' title='bbox 1913 3989 2038 4058; x_wconf 88' lang='lat' dir='ltr'><strong>est,</strong></span> <span class='ocrx_word' id='word_1_276' title='bbox 2087 4001 2385 4064; x_wconf 81' lang='lat' dir='ltr'><strong>papyrus</strong></span> <span class='ocrx_word' id='word_1_277' title='bbox 2440 3988 2692 4053; x_wconf 88' lang='lat' dir='ltr'><strong>nostra,</strong></span> <span class='ocrx_word' id='word_1_278' title='bbox 2748 3990 2820 4042; x_wconf 86' lang='lat' dir='ltr'><strong>ut</strong></span> <span class='ocrx_word' id='word_1_279' title='bbox 2875 3981 3047 4043; x_wconf 85' lang='lat' dir='ltr'><strong>nihil</strong></span> <span class='ocrx_word' id='word_1_280' title='bbox 3090 4002 3242 4063; x_wconf 83' lang='lat' dir='ltr'><strong>pro-</strong></span> 
     </span>
     <span class='ocr_line' id='line_1_33' title="bbox 788 4088 3243 4173; baseline -0.001 -21"><span class='ocrx_word' id='word_1_281' title='bbox 788 4090 951 4152; x_wconf 88' lang='lat' dir='ltr'><strong>bare</strong></span> <span class='ocrx_word' id='word_1_282' title='bbox 987 4098 1227 4173; x_wconf 55' lang='lat' dir='ltr'><strong>⁴potest</strong></span> <span class='ocrx_word' id='word_1_283' title='bbox 1275 4090 1479 4173; x_wconf 44' lang='lat' dir='ltr'><strong>quod,</strong></span> <span class='ocrx_word' id='word_1_284' title='bbox 1508 4090 1594 4152; x_wconf 86' lang='lat' dir='ltr'><strong>ad</strong></span> <span class='ocrx_word' id='word_1_285' title='bbox 1650 4108 2030 4152; x_wconf 87' lang='lat' dir='ltr'><strong>sermonem</strong></span> <span class='ocrx_word' id='word_1_286' title='bbox 2075 4107 2388 4170; x_wconf 87' lang='lat' dir='ltr'><strong>graecum</strong></span> <span class='ocrx_word' id='word_1_287' title='bbox 2436 4088 2618 4170; x_wconf 91' lang='lat' dir='ltr'><strong>apud</strong></span> <span class='ocrx_word' id='word_1_288' title='bbox 2666 4088 3009 4151; x_wconf 89' lang='lat' dir='ltr'><strong>Romanos</strong></span> <span class='ocrx_word' id='word_1_289' title='bbox 3057 4089 3243 4171; x_wconf 90' lang='lat' dir='ltr'><strong>ipsos</strong></span> 
     </span>
     <span class='ocr_line' id='line_1_34' title="bbox 790 4177 3244 4280; baseline -0.001 -21"><span class='ocrx_word' id='word_1_290' title='bbox 790 4197 1064 4260; x_wconf 88' lang='lat' dir='ltr'><strong>solitum</strong></span> <span class='ocrx_word' id='word_1_291' title='bbox 1092 4198 1404 4280; x_wconf 88' lang='lat' dir='ltr'><strong>pertinet,</strong></span> <span class='ocrx_word' id='word_1_292' title='bbox 1446 4198 1539 4259; x_wconf 86' lang='lat' dir='ltr'><strong>ita</strong></span> <span class='ocrx_word' id='word_1_293' title='bbox 1590 4197 1884 4260; x_wconf 79' lang='lat' dir='ltr'><strong>ostendit</strong></span> <span class='ocrx_word' id='word_1_294' title='bbox 1923 4215 2057 4278; x_wconf 85' lang='lat' dir='ltr'><strong>qua</strong></span> <span class='ocrx_word' id='word_1_295' title='bbox 2102 4204 2326 4258; x_wconf 89' lang='lat' dir='ltr'><strong>mente</strong></span> <span class='ocrx_word' id='word_1_296' title='bbox 2373 4194 2698 4276; x_wconf 88' lang='lat' dir='ltr'><strong>Trajanus</strong></span> <span class='ocrx_word' id='word_1_297' title='bbox 2739 4177 3244 4278; x_wconf 79' lang='lat' dir='ltr'><strong>magistratibus</strong></span> 
     </span>
    </p>
   </div>
   <div class='ocr_carea' id='block_1_3' title="bbox 885 4483 3241 4627">
    <p class='ocr_par' dir='ltr' id='par_1_4' title="bbox 885 4483 3241 4627">
     <span class='ocr_line' id='line_1_35' title="bbox 885 4483 3241 4627; baseline 0 -17"><span class='ocrx_word' id='word_1_298' title='bbox 885 4486 963 4610; x_wconf 53' lang='grc' dir='ltr'><strong>ἓι)</strong></span> <span class='ocrx_word' id='word_1_299' title='bbox 989 4483 1398 4624; x_wconf 47' lang='grc' dir='ltr'><strong>ἕιιιξιῗῐῖἐωῖᾗο,</strong></span> <span class='ocrx_word' id='word_1_300' title='bbox 1432 4566 1555 4616; x_wconf 81' lang='lat' dir='ltr'><strong>BCH</strong></span> <span class='ocrx_word' id='word_1_301' title='bbox 1584 4566 1677 4615; x_wconf 81' lang='lat' dir='ltr'><strong>XX</strong></span> <span class='ocrx_word' id='word_1_302' title='bbox 1718 4564 1880 4626; x_wconf 86' lang='grc'><strong>(1896)</strong></span> <span class='ocrx_word' id='word_1_303' title='bbox 1916 4577 1964 4627; x_wconf 89' lang='lat' dir='ltr'><strong>p.</strong></span> <span class='ocrx_word' id='word_1_304' title='bbox 2002 4563 2095 4613; x_wconf 80' lang='lat'><strong>722</strong></span> <span class='ocrx_word' id='word_1_305' title='bbox 2130 4575 2145 4612; x_wconf 75' lang='grc' dir='ltr'><strong><em>ε</em></strong></span> <span class='ocrx_word' id='word_1_306' title='bbox 2179 4576 2205 4610; x_wconf 91' lang='lat'>«</span> <span class='ocrx_word' id='word_1_307' title='bbox 2241 4562 2298 4611; x_wconf 88' lang='lat' dir='ltr'><strong>B.</strong></span> <span class='ocrx_word' id='word_1_308' title='bbox 2332 4562 2500 4612; x_wconf 85' lang='lat' dir='ltr'><strong>Texte</strong></span> <span class='ocrx_word' id='word_1_309' title='bbox 2530 4561 2681 4613; x_wconf 81' lang='lat' dir='ltr'><strong>latin.</strong></span> <span class='ocrx_word' id='word_1_310' title='bbox 2712 4563 2955 4612; x_wconf 77' lang='lat' dir='ltr'><strong>Decislon</strong></span> <span class='ocrx_word' id='word_1_311' title='bbox 2993 4563 3060 4611; x_wconf 89' lang='lat' dir='ltr'><strong>de</strong></span> <span class='ocrx_word' id='word_1_312' title='bbox 3090 4563 3241 4612; x_wconf 89' lang='lat' dir='ltr'><strong>l&#39;em-</strong></span> 
     </span>
    </p>
   </div>
   <div class='ocr_carea' id='block_1_4' title="bbox 793 4642 3239 4774">
    <p class='ocr_par' dir='ltr' id='par_1_5' title="bbox 793 4642 3239 4774">
     <span class='ocr_line' id='line_1_36' title="bbox 793 4642 3239 4710; baseline -0.001 -16"><span class='ocrx_word' id='word_1_313' title='bbox 793 4662 985 4706; x_wconf 65' lang='lat' dir='ltr'><strong>purvur</strong></span> <span class='ocrx_word' id='word_1_314' title='bbox 1025 4658 1089 4694; x_wconf 74' lang='lat' dir='ltr'><strong>:m</strong></span> <span class='ocrx_word' id='word_1_315' title='bbox 1128 4647 1271 4708; x_wconf 84' lang='lat' dir='ltr'><strong>sujet</strong></span> <span class='ocrx_word' id='word_1_316' title='bbox 1306 4647 1377 4697; x_wconf 84' lang='lat' dir='ltr'><strong>du</strong></span> <span class='ocrx_word' id='word_1_317' title='bbox 1413 4647 1565 4710; x_wconf 78' lang='lat' dir='ltr'><strong>litlge</strong></span> <span class='ocrx_word' id='word_1_318' title='bbox 1591 4659 1723 4697; x_wconf 85' lang='lat' dir='ltr'><strong>avec</strong></span> <span class='ocrx_word' id='word_1_319' title='bbox 1761 4644 2048 4708; x_wconf 81' lang='lat' dir='ltr'><strong>Amphlssa</strong></span> <span class='ocrx_word' id='word_1_320' title='bbox 2090 4646 2145 4693; x_wconf 87' lang='lat' dir='ltr'><strong>et</strong></span> <span class='ocrx_word' id='word_1_321' title='bbox 2174 4643 2383 4705; x_wconf 78' lang='lat' dir='ltr'><strong>Myane.</strong></span> <span class='ocrx_word' id='word_1_322' title='bbox 2434 4660 2459 4689; x_wconf 69' lang='grc' dir='ltr'><strong><em>ι</em></strong></span> <span class='ocrx_word' id='word_1_323' title='bbox 2502 4642 2647 4704; x_wconf 86' lang='lat' dir='ltr'><strong>Quae</strong></span> <span class='ocrx_word' id='word_1_324' title='bbox 2688 4645 2956 4694; x_wconf 82' lang='lat' dir='ltr'><strong>sententia</strong></span> <span class='ocrx_word' id='word_1_325' title='bbox 3001 4644 3239 4693; x_wconf 84' lang='lat' dir='ltr'><strong>nondum</strong></span> 
     </span>
     <span class='ocr_line' id='line_1_37' title="bbox 793 4730 1057 4774; baseline 0 -4"><span class='ocrx_word' id='word_1_326' title='bbox 793 4730 929 4774; x_wconf 55' lang='lat' dir='ltr'><strong>valna</strong></span> <span class='ocrx_word' id='word_1_327' title='bbox 965 4730 1057 4774; x_wconf 58' lang='lat' dir='ltr'><strong>wal.</strong></span> 
     </span>
    </p>
   </div>
  </div>
 </body>
</html>
