3692 5750
798 536 877 598 88
1879 552 2047 594 PAns
2090 552 2166 594 111

919 722 1053 787 Sed
1101 725 1244 804 jam
1316 724 1541 807 potius
1614 722 1702 784 ad
1777 721 1897 783 illa
1965 721 2173 784 verba
2242 729 2586 784 vertamur
2658 741 2830 803 quae
2896 741 2979 788 ex
3045 722 3260 784 latino

800 850 1109 894 sermone
1169 831 1241 892 in
1305 851 1614 913 graecum
1669 830 2090 891 effluxerunt.
2162 828 2244 890 Et
2298 830 2590 912 primum
2650 829 2735 891 de
2790 829 3291 891 communibus·

800 934 1029 998 verbis
1080 934 1454 1017 loquamur.
1516 934 1570 995 E
1623 933 1871 1016 quibus
1920 954 2080 995 sane
2140 934 2414 1016 plurimi
2470 935 2542 996 in
2594 935 2812 998 edicto
2856 936 3264 999 Diocletiani

800 1044 1260 1112 inveniuntur,
1319 1063 1537 1124 neque
1586 1043 1730 1124 ipse
1787 1042 1984 1122 Hugo
2033 1040 2356 1103 Bliimner
2405 1043 2478 1103 in
2533 1045 2880 1125 prooemio
2927 1063 3263 1106 commen-

801 1150 957 1212 tarii
1015 1151 1119 1212 sui
1178 1152 1265 1231 (Ι)
1342 1169 1423 1211 ea
1477 1149 1710 1210 omisit
1783 1148 2086 1210 indicare
2171 1168 2342 1230 quae
2426 1149 2559 1211 sibi
2636 1151 2983 1214 notatione
3050 1151 3264 1234 digna

800 1247 1212 1320 riderentur.
1265 1257 1472 1339 Cujus
1510 1256 1817 1339 exempla
1859 1275 1995 1317 non
2037 1255 2572 1329 transcribimus»,
2624 1276 2777 1319 cum
2813 1278 2953 1320 non
2979 1259 3263 1320 omnino

802 1365 889 1427 ad
945 1350 1365 1447 propositum
1432 1372 1737 1425 nostrum
1792 1363 2196 1443 pertineant.
2258 1363 2402 1424 Hoc
2458 1384 2621 1425 vero
2678 1364 2924 1446 legenti
2978 1363 3265 1427 fortasse

802 1472 1103 1554 proderit
1175 1472 1347 1533 scire
1402 1470 1475 1532 al
1531 1470 1736 1533 semel
1793 1470 1943 1530 fieri
2017 1495 2109 1542 αυ,
2173 1475 2219 1532 ΐ
2272 1490 2435 1531 vero
2481 1480 2597 1532 aut
2643 1472 2848 1533 etiam
2893 1478 2920 1536 ἴ
2968 1472 3045 1534 in
3095 1498 3165 1544 ει,
3230 1499 3264 1533 υ

799 1580 943 1641 sive
995 1579 1065 1640 in
1122 1602 1208 1652 ου,
1283 1578 1426 1639 sive
1481 1578 1555 1639 in
1611 1602 1663 1650 0,
1724 1577 1872 1639 sive
1943 1576 2308 1658 aliquando
2363 1578 2437 1639 in
2492 1604 2548 1651 υ,
2597 1599 2632 1640 ο
2689 1578 2762 1640 in
2820 1583 2852 1661 β
2904 1588 3022 1640 aut
3073 1579 3145 1640 in
3198 1605 3264 1640 ou

802 1687 1065 1747 mutari.
1126 1684 1366 1747 Editor
1421 1693 1613 1747 notat
1666 1703 1933 1767 quoque
1991 1683 2247 1746 litteras
2313 1685 2640 1766 quasdam
2704 1706 2879 1749 nunc
2948 1686 3258 1759 omissaS,

802 1812 979 1855 nunc
1066 1791 1238 1853 falso
1319 1790 1712 1873 duplicatas,
1800 1811 1976 1852 nunc
2062 1791 2418 1854 metathesi
2496 1793 2946 1875 transpositas
3027 1793 3259 1856 fuisse.

804 1899 1070 1980 Quibus
1149 1898 1473 1980 exemplis
1557 1898 1887 1980 quaedam
1943 1898 2013 1959 in
2093 1898 2247 1959 aliis
2300 1899 2550 1960 nostris
2623 1900 2836 1961 titulis
2910 1909 3263 1982 conspecta

804 2006 1309 2088 adjungamus-2
1357 2007 1645 2088 primum
1685 2004 1814 2066 hoc
1873 2005 2096 2087 ipsum
2152 2005 2435 2068 verbum
2500 2006 2903 2091 φειὸλατώριον
2951 2009 3037 2086 (α)
3081 2007 3265 2090 quod

810 2121 1044 2194 postea
1099 2113 1171 2173 in
1228 2112 1444 2174 edicto
1507 2112 1908 2174 Diocletiani
1954 2113 2322 2194 reperietur
2376 2133 2527 2174 cum
2573 2113 3056 2197 orthographia
3106 2135 3266 2196 pau·

811 2220 1024 2281 lulum
1073 2219 1392 2283 dissimili
1452 2218 1574 2299 (3);
1621 2219 1804 2301 quod
1859 2219 2057 2280 nobis
2120 2220 2643 2302 haudquaquam
2708 2221 3091 2284 mirandum
3139 2232 3262 2292 est,

812 2327 971 2389 dum
1043 2352 1089 2387 ev.
1140 2327 1320 2388 idem
1378 2335 1480 2387 est
1533 2335 1734 2408 atque
1786 2353 1799 2386 ι
1855 2346 1977 2408 per
2030 2326 2476 2400 iotacismum,
2537 2336 2605 2389 et
2659 2327 2917 2390 vocalis
2977 2348 3020 2390 ιι
3069 2349 3269 2411 saepe

812 2434 989 2515 apud
1053 2433 1356 2516 ejusdem
1413 2434 1679 2515 generis
1752 2432 1963 2495 verba
2019 2434 2089 2494 in
2144 2433 2352 2494 latina
2411 2433 2637 2516 lingua
2696 2433 2894 2497 absit.
2943 2436 3269 2497 Notemus

813 2560 1081 2623 quoque
1130 2541 1390 2623 aliquot
1435 2540 1640 2602 verba
1671 2561 1754 2603 ex
1783 2541 1904 2602 illo
1946 2540 2218 2621 Trajani
2256 2541 2583 2623 rescripto
2627 2551 2935 2625 excerpta
2973 2542 3156 2623 quod
3195 2543 3267 2603 in

813 2656 1044 2709 nostro
1114 2648 1414 2728 catalogo
1465 2667 1532 2709 n.
1593 2649 1719 2709 14
1773 2647 2052 2709 obtinet.
2112 2646 2415 2727 Quorum
2477 2651 2657 2729 πρίδιε
2710 2650 2801 2725 (v.
2844 2647 2932 2730 8),
2983 2649 3267 2709 latinum

816 2754 1213 2817 adverbium
1286 2755 1529 2816 litteris
1601 2755 1861 2836 graecis
1952 2755 2278 2838 scriptum
2330 2774 2659 2836 nusquam
2725 2756 2898 2817 alias
2973 2756 3268 2818 inveniri

816 2862 1108 2933 videtur,
1161 2863 1474 2943 λεγιῶνας)
1514 2882 1676 2923 vero
1715 2863 1803 2938 (v,
1851 2862 1909 2933 6,
1959 2863 2019 2943 7)
2074 2855 2547 2944 est'genetivus
2595 2862 2789 2925 verbi
2834 2866 3039 2946 λεγιών
3084 2863 3268 2945 quod

815 2989 951 3030 non
991 2969 1195 3031 semel
1226 2969 1559 3049 reperitur
1605 2969 1840 3031 eodem
1871 2969 2011 3032 fere
2052 2978 2352 3052 tempore
2381 2992 2505 3054 pro
2558 2975 2772 3053 λεγεών
2804 2972 2895 3051 (4)
2926 2992 3072 3032 cum
3102 2971 3266 3033 haec

816 3073 1156 3138 scribendi
1201 3077 1372 3137 ratio
1419 3096 1554 3137 non
1599 3076 1814 3136 solum
1872 3097 1949 3137 ea
1999 3084 2215 3140 aetate
2261 3078 2469 3159 magis
2508 3077 2707 3140 solita
2764 3098 2911 3140 esse
2957 3078 3271 3140 videatur

817 3202 1018 3265 quam
1088 3186 1316 3263 λεγιών,
1389 3182 1506 3243 sed
1582 3184 1786 3245 etiam
1855 3184 2032 3265 apud
2089 3204 2465 3247 sermonem
2535 3184 2877 3267 publicum
2950 3205 3269 3246 mansura

818 3290 906 3351 sit
974 3290 1102 3369 (5);
1181 3290 1474 3372 οὐετρανός
1547 3309 1814 3371 quoque
1902 3290 1985 3369 (6)
2054 3291 2223 3351 alias
2286 3312 2435 3352 cum
2500 3292 2732 3353 eadem
2785 3292 3268 3373 orthographia

815 3396 1143 3477 repetitur
1185 3398 1304 3478 (7);
1364 3396 1542 3479 quod
1615 3396 1906 3477 denique
1959 3396 2044 3458 ad
2094 3397 2540 3481 πρινκε)π]ίοι[ς]
2597 3402 2686 3479 (v.
2755 3401 2819 3479 9)
2878 3399 3135 3469 attinet,
3210 3399 3270 3460 si

817 3523 955 3564 non
1028 3504 1207 3569 idem
1282 3504 1587 3577 verbum,
1660 3504 1898 3565 saltem
1977 3504 2279 3585 ejusdem
2357 3508 2622 3587 generis
2696 3506 3027 3568 vocabula
3085 3525 3272 3589 repe-

820 3610 1088 3671 riuntur
1151 3610 1341 3692 ,apud
1396 3611 1759 3693 scriptores
1817 3611 2038 3671 omnis
2105 3612 2340 3673 aetatis
2392 3622 2544 3695 post
2612 3613 2973 3695 Polybium
3028 3612 3135 3693 (8).
3190 3614 3269 3675 In

908 3871 979 3931 (1)
1008 3871 1062 3919 Ρ.
1097 3870 1212 3931 xn,
1238 3870 1361 3919 vide
1386 3872 1638 3919 nostrum
1671 3882 1721 3918 n.
1758 3868 1864 3920 82.

910 3949 975 4009 (2)
1015 3949 1075 4000 N.
1103 3947 1200 4007 12,
1225 3962 1309 4012 ep.
1339 3963 1387 4007 e,
1422 3966 1450 4012 7
1484 3965 1497 3999 :
1528 3948 1859 4015 φειὸλατώρια
1893 3946 2006 4000 δύο.

912 4032 979 4089 (3)
1015 4030 1146 4080 Vide
1178 4031 1234 4079 in
1263 4029 1362 4078 hoc
1388 4031 1596 4080 edicto:
1636 4029 1708 4085 19,
1741 4030 1817 4090 15,
1850 4029 2262 4096 φιὸουλατώριον;
2297 4032 2372 4085 19,
2409 4032 2471 4081 16
2498 4034 2591 4095 1(1.;
2624 4034 2702 4087 19.
2728 4033 2791 4084 53
2814 4033 3163 4100 φιὸλατώριον.
3190 4035 3266 4085 Cf.

814 4109 1007 4160 Suidas
1028 4125 1040 4158 ε
1063 4109 1411 4176 φιὸλατώριον.
1443 4110 1682 4169 (Latinez
1706 4110 2133 4173 fibulam-ium„
2168 4112 2236 4160 ct.
2271 4113 2553 4176 Ecklngcr,
2584 4128 2634 4177 p.
2668 4114 2745 4167 76.
2782 4114 3071 4174 Dieterlch,
3101 4129 3152 4178 p.
3178 4115 3264 4164 38.

911 4191 981 4251 (4)
1015 4191 1147 4240 Vide
1179 4189 1474 4253 Sophoclis,
1504 4191 1570 4240 ad
1610 4190 1710 4239 hoc
1748 4193 2007 4252 verbum3
2039 4192 2107 4240 ci.
2150 4193 2474 4247 Schwcizer.
2510 4208 2560 4257 p.
2596 4194 2685 4253 463
2716 4195 2783 4243 de
2813 4208 2913 4243 usu
2947 4197 3097 4244 verbi
3126 4196 3267 4259 apud

817 4271 1186 4331 Plutarchum,
1220 4272 1344 4321 vide
1368 4272 1668 4335 Sickingcr,
1700 4284 1751 4334 p.
1778 4273 1858 4333 2²,
1890 4273 2174 4335 Ecklnger‚
2197 4286 2248 4336 p.
2283 4274 2365 4332 ³0,
2392 4276 2650 4337 Moulton,
2683 4288 2733 4338 p.
2764 4274 2844 4325 33.

906 4353 976 4411 (ὃ)
1005 4353 1137 4402 Vide
1165 4352 1486 4409 Schwelzer,
1521 4364 1571 4414 p.
1604 4352 1681 4402 46.

906 4432 973 4492 (6)
1007 4425 1068 4481 V.
1096 4445 1259 4496 29·30
1294 4432 1381 4482 <rba
1407 4439 1418 4495 Ι
1443 4437 1670 4497 τρανοῖς;
1705 4432 1772 4482 cf.
1813 4434 2098 4495 Ecklnger,
2123 4446 2174 4496 p.
2210 4433 2289 4484 m.

911 4512 977 4572 (7)
1008 4512 1139 4560 Vide
1169 4511 1445 4574 Sophoclis
1471 4513 1567 4574 qui
1595 4511 1764 4562 refert
1782 4513 1847 4561 ad
1878 4513 2065 4576 Epiph.
2100 4513 2142 4563 ΙΙ
2175 4528 2237 4577 29
2265 4518 2305 4563 Α
2343 4514 2519 4573 (sexto
2545 4516 2760 4564 saeculo
2789 4519 2910 4577 post
2941 4515 3266 4574 Chi-Istum).

905 4596 971 4654 (8)
1001 4593 1135 4643 vide
1156 4593 1298 4655 apud
1326 4590 1603 4655 Sophoclis
1637 4597 1988 4657 πριγκιπᾶτον,
2020 4597 2347 4658 πριγκίπειοι,
2380 4598 2663 4661 πριγκίπια,
2695 4599 2980 4661 πρίγκιπος,
3023 4599 3262 4662 πρίγιιψ,

813 4673 889 4722 Cf.
922 4674 1202 4734 Ecktnger,
1230 4686 1280 4734 p.
1312 4671 1397 4721 20.
