3692 5750
1321 610 1408 652 nn
1453 610 1581 653 usu
1625 609 2019 653 'ri'ruLomm
2809 593 2880 654 81

440 779 600 840 dum
691 780 1117 861 patefaciunt.
1216 778 1584 863 Catalogus
1679 781 1978 862 profecto
2067 789 2296 842 noster
2378 773 2725 861 legentem
2804 781 2887 844 de

439 887 703 969 scriptis
752 886 1042 969 singulis
1079 887 1381 949 breviter
1430 886 1729 950 monebit
1773 910 1787 948 :
1824 909 2035 969 pauca
2084 888 2288 970 igitur
2341 897 2600 949 tantum
2641 887 2889 969 passim

439 994 521 1055 de
579 995 664 1055 iis
713 995 1172 1058 observemus,
1230 994 1368 1057 Nos
1426 997 1718 1079 primum
1761 995 2294 1058 animadvertere
2341 996 2530 1090 decet
2580 997 2665 1057 ad
2716 995 2890 1057 edic-

441 1111 583 1163 tum
627 1101 750 1164 Cn.
801 1101 1085 1186 Vergilii
1134 1102 1483 1184 Capitonis
1536 1104 1620 1183 (1)
1689 1103 1873 1185 quod
1932 1104 2107 1165 oasis
2161 1102 2542 1164 Thebarum
2597 1097 2890 1184 stratego

441 1210 722 1270 missum
766 1217 867 1271 est
916 1229 1066 1271 cum
1121 1230 1202 1272 ea
1266 1210 1553 1292 epistula
1606 1230 1806 1292 quam
1862 1211 2429 1291 transcripsimus,
2487 1208 2751 1272 Etenim
2817 1211 2890 1272 in

441 1314 662 1377 edicto
716 1316 863 1398 ipso
916 1316 1284 1378 notandum
1343 1325 1444 1378 est
1489 1337 1529 1379 a
1577 1316 1911 1400 praefecto
1960 1337 2083 1379 sua
2136 1317 2464 1398 imperata
2516 1317 2891 1379 rationibus

440 1423 779 1503 expressis
830 1424 1154 1507 explicari
1209 1426 1319 1506 (2),
1374 1424 1557 1507 quod
1611 1425 1888 1506 quidem
1954 1443 2092 1485 non
2151 1424 2453 1486 moribus
2508 1411 2892 1506 praesidum

440 1549 874 1593 romanorum
900 1532 1315 1594 contrarium
1355 1540 1496 1605 est;
1530 1540 1895 1614 praeterea,
1936 1532 2012 1593 in
2059 1531 2347 1612 epistula
2370 1532 2496 1593 hoc
2530 1532 2891 1594 observan-

444 1636 606 1698 dum
654 1646 754 1699 est
792 1658 995 1719 quam
1024 1638 1382 1721 diligenter
1418 1657 1688 1719 praeses
1739 1639 2079 1700 curaverit
2127 1638 2416 1700 edictum
2454 1639 2546 1699 ita
2593 1642 2893 1700 omnium

443 1743 658 1805 oculis
714 1745 1001 1826 proponi
1060 1754 1136 1806 ut
1188 1764 1389 1807 nemo
1449 1743 1818 1826 quidquam
1862 1764 1943 1805 ex
1999 1764 2079 1806 eo
2140 1744 2452 1826 ignorare
2506 1746 2722 1829 possit
2776 1746 2887 1825 (3).

443 1851 546 1912 Ex
600 1850 817 1913 edicto
882 1871 1147 1933 quoque
1224 1851 1326 1913 Ti.
1387 1850 1550 1913 Julii
1600 1850 1974 1913 Alexandri
2031 1852 2117 1930 (4)
2187 1851 2621 1913 historiarum
2690 1854 2894 1934 scrip·

445 1965 627 2020 tores
684 1958 893 2020 multa
962 1977 1319 2041 excerpere
1396 1968 1680 2039 possunt
1731 1967 1798 2020 et
1862 1959 2181 2020 certiores
2242 1959 2337 2020 ita
2392 1959 2540 2021 fleri
2608 1958 2691 2020 de
2758 1959 2896 2022 illis

443 2064 716 2145 injuriis
763 2085 953 2147 quas,
1012 2064 1232 2127 Galba
1284 2066 1679 2146 imperante,
1740 2085 1778 2126 «
1827 2064 2269 2128 excercebant
2338 2067 2767 2148 magistratus
2822 2067 2894 2128 in

446 2171 648 2233 rebus
696 2174 1097 2254 praesertim
1152 2172 1237 2233 ad
1279 2172 1636 2255 vectigalia
1693 2172 2184 2254 pertinentibus
2225 2193 2262 2234 »
2316 2174 2429 2253 (5).
2465 2174 2894 2237 Prooemium

448 2278 688 2340 saltem
730 2278 1010 2359 dignum
1058 2288 1162 2341 est
1201 2279 1382 2360 quod
1437 2300 1476 2340 a
1522 2277 1723 2339 nobis
1767 2279 2257 2359 conspiciatur;
2316 2300 2469 2341 nam
2496 2280 2605 2341 hic
2634 2301 2899 2363 quoque

446 2385 1001 2448 commendantur
1054 2385 1381 2449 beneficia
1431 2386 1891 2468 Augustorum
1953 2387 2040 2466 (6)
2097 2407 2176 2447 ac
2236 2388 2592 2469 praecipue
2645 2387 2903 2450 Galbae

447 2493 827 2574 magnificis
873 2492 1103 2554 verbis
1159 2491 1413 2555 laudati
1463 2494 1597 2574 (7);
1670 2501 1949 2575 apparet
2002 2502 2347 2575 praeterea
2393 2513 2471 2555 ea
2526 2515 2706 2568 cura,
2760 2496 2901 2578 jam

450 2619 654 2681 supra
717 2608 1059 2672 annotata,
1112 2599 1453 2662 felicitatis
1499 2600 1818 2682 perennis
1877 2600 2377 2662 confirmandae
2435 2601 2752 2683 subjectis
2778 2601 2899 2682 (8);

450 2707 557 2768 hic
634 2708 923 2791 denique
999 2708 1246 2770 iterum
1323 2708 1664 2770 invenitur
1731 2708 1978 2790 cupido
2034 2707 2399 2769 extollendi
2477 2708 2803 2791 quidquid
2866 2731 2906 2770 a

450 2814 790 2898 praefecto
848 2816 997 2898 ipso
1067 2815 1318 2878 factum
1372 2816 1464 2878 sit
1514 2817 1626 2898 (9).
1685 2814 1820 2877 Nec
1889 2815 2105 2898 magis
2153 2816 2425 2878 omnino
2493 2818 2904 2899 praetermit-

451 2923 654 2985 tenda
711 2933 869 2985 sunt
907 2922 1026 2984 illa
1083 2923 1418 3006 Aegyptia
1485 2922 1700 2984 edicta
1783 2943 1955 3004 quae
2014 2925 2254 3006 papyri
2325 2930 2623 2987 recentes
2705 2925 2906 2986 nobis

451 3032 932 3113 patefecerunt,
965 3051 1083 3093 seu
1138 3030 1222 3093 de
1279 3031 1576 3092 archivis
1629 3032 1757 3111 (lo)
1817 3051 1938 3093 seu
1990 3031 2071 3092 de
2130 3031 2474 3093 fiscalibus
2518 3032 2721 3094 rebus
2752 3033 2903 3111 (11),

455 3159 570 3200 seu
643 3138 727 3200 de
796 3138 880 3201 de
969 3138 1209 3199 diebus
1288 3138 1479 3201 festis
1547 3148 1616 3200 et
1691 3137 2043 3200 sacrificiis
2098 3139 2244 3218 (12),
2293 3157 2410 3200 seu
2469 3139 2552 3201 de
2604 3139 2907 3220 fugitivis

453 3244 694 3307 incolis
747 3244 896 3326 (13).
969 3246 1094 3307 Hic
1150 3245 1330 3307 enim
1398 3245 1601 3307 etiam
1658 3245 1986 3326 quaedam
2041 3244 2124 3306 de
2169 3246 2394 3308 animo
2452 3254 2516 3307 et
2556 3254 2905 3308 consuetu·

454 3351 728 3413 dinibus
781 3351 1274 3434 praefectorum
1328 3353 1525 3413 nobis
1574 3351 1975 3414 documento
2022 3370 2170 3415 esse
2220 3361 2503 3434 possunt
2542 3375 2556 3413 :
2617 3370 2907 3434 namque

547 3567 622 3631 (1)
653 3568 714 3618 Ν.
750 3566 892 3619 119.

547 3649 618 3717 (2)
653 3649 785 3699 vide
812 3650 1031 3699 initium
1061 3663 1113 3699 v.
1159 3650 1221 3700 15
1247 3661 1327 3712 oq.
1365 3648 1467 3699 Καὶ
1495 3647 1651 3700 πάλαι
1695 3648 1781 3713 μὶν
1815 3646 2023 3712 ἤκουον,
2054 3652 2156 3699 ete.
2188 3650 2382 3700 deinde
2413 3664 2428 3700 t
2461 3640 2514 3699 v.
2561 3650 2716 3701 17-18
2759 3666 2772 3702 :
2825 3653 2911 3701 καὶ

456 3730 543 3778 νῦν
570 3728 631 3789 ,δὲ
659 3733 710 3780 ἐν
737 3736 797 3803 τῇ
817 3737 917 3780 τῶν
947 3724 1153 3780 Λιδύων
1181 3729 1191 3791 Ι
1221 3728 1437 3792 μάλιστα
1459 3729 1616 3793 ἔγνων
1645 3728 1896 3791 ὑποθέσει,
1926 3732 2058 3790 et0.;
2096 3730 2330 3793 denique
2357 3742 2410 3780 V.
2440 3730 2496 3779 21
2528 3744 2541 3780 ε
2576 3731 2651 3781 διὸ
2679 3726 2910 3781 κελεύω..

456 3812 561 3859 Θῐθ.

550 3890 621 3951 (3)
651 3890 783 3941 Vide
812 3904 863 3940 v.
899 3889 1066 3940 12-13.

551 3972 621 4031 (4)
655 3971 717 4021 N.
745 3969 885 4022 121.

553 4051 622 4112 (5)
655 4050 780 4111 C1,G,
810 4050 953 4102 bffi7.

550 4130 619 4193 (6)
655 4131 715 4181 V.
746 4132 778 4181 4
808 4146 821 4181 ι
850 4129 940 4195 τὴν
969 4134 1113 4182 πόλιν
1141 4126 1500 4183 ἀπολαύουσαν
1533 4140 1632 4183 τῶν
1664 4130 1982 4198 εὐεργεσιῶν,
2015 4132 2073 4190 ἃς
2109 4132 2213 4197 ἔχει
2247 4132 2386 4196 παρὰ
2412 4141 2511 4183 τῶν
2549 4133 2842 4183 Σεὸαστιῦν.
2862 4170 2873 4181 .
2893 4174 2905 4186 .

554 4212 621 4272 (7)
656 4211 717 4261 V·
742 4212 772 4260 7
801 4228 815 4262 ι
844 4214 933 4262 τοῦ
963 4213 1146 4269 παντὸς
1174 4210 1450 4278 ἀνθρώπων
1479 4214 1655 4277 γένους
1684 4212 1946 4277 εὐεργέτου
1978 4212 2238 4263 Σεὸαστοῦ
2270 4210 2652 4278 Αὐτοκράτορος
2683 4211 2911 4263 Fama...

555 4292 625 4354 (8)
657 4293 718 4343 V.
751 4292 817 4342 3:
850 4292 1035 4343 Πᾶσαν
1069 4296 1311 4357 πρόνοιαν
1341 4289 1641 4355 ποιούμενος
1669 4295 1758 4343 τοῦ
1793 4294 2061 4355 διαμένειν,
2092 4294 2193 4343 etc.
2219 4292 2297 4342 Cf.
2322 4306 2375 4342 v.
2398 4293 2431 4343 5
2459 4293 2787 4363 ebbazuoviqz:

554 4373 627 4435 (9)
661 4372 722 4422 V.
750 4371 843 4422 6-7
868 4387 881 4422 z
926 4372 989 4423 οὐ
1024 4374 1243 4423 διέλιπον
1288 4372 1373 4435 μὲν
1404 4373 1532 4423 κατὰ
1561 4369 1649 4436 τὴν
1680 4375 1900 4435 ἐμαυτοῦ
1930 4368 2138 4435 δύναμιν
2170 4373 2233 4423 τὰ
2262 4374 2459 4437 ἐπεῖγον
2489 4376 2498 4433 Ι
2524 4390 2585 4423 τα
2618 4369 2917 4439 ἐπανορθοῦ·

462 4467 627 4514 μενος.

555 4530 656 4591 (ιο)
693 4530 754 4580 N.
821 4528 968 4593 122,
1001 4528 1152 4582 125.

557 4611 659 4672 (11)
693 4611 753 4660 Ν.
784 4608 928 4672 123,
955 4608 1099 4672 124,
1127 4608 1280 4671 128;
1310 4610 1378 4660 cf.
1411 4609 1532 4661 127
1562 4611 1852 4675 eptatulam
1886 4612 1954 4661 de
1984 4611 2307 4661 hereditate.

554 4691 659 4753 (12)
690 4691 752 4741 N.
787 4689 925 4741 131.

560 4771 659 4833 (13)
694 4773 754 4822 Ν.
792 4770 939 4823 130.

2751 4959 2863 5000 61..
