3692 5750
801 550 891 615 ,70
1911 561 2080 607 Palis
2121 564 2171 609 11
2196 597 2200 602 .
2254 574 2259 582 ·

1793 919 2088 986 CAPUT
2151 922 2254 985 111

1387 1126 1476 1169 DE
1518 1126 1807 1170 SCRIP'HS
1851 1128 2185 1173 uAnmANl
2226 1130 2310 1173 ΒΤ
2350 1130 2680 1176 ΑΝΤΟΝῙΝῘ

923 1363 1247 1425 Hadriani
1304 1362 1513 1424 multo
1581 1360 1814 1444 plures
1871 1369 2026 1423 sunt
2089 1361 2416 1444 epistulae
2473 1371 2772 1445 repertae
2817 1349 3017 1445 quam
3076 1376 3258 1429 ante-

800 1489 1140 1532 cessorum
1205 1471 1378 1551 ejus.
1441 1468 1642 1549 Quod
1702 1467 1974 1551 quidem
2025 1488 2162 1530 non
2230 1468 2450 1531 solum
2510 1468 2885 1532 fossionum
2945 1469 3257 1535 fortunae

798 1577 1230 1638 tribuendum
1282 1596 1429 1638 esse
1469 1575 1751 1637 videtur.
1812 1573 2058 1637 Notum
2107 1584 2210 1637 est
2261 1577 2442 1638 enim
2489 1577 2778 1639 multum
2829 1577 3254 1640 Hadrianum

799 1680 1101 1745 Orientis
1159 1683 1428 1766 populis
1488 1681 1930 1755 consuluisse,
1995 1691 2195 1764 atque
2257 1683 2462 1745 etiam
2498 1703 2618 1766 per
2656 1702 2772 1746 eos
2808 1683 3097 1747 libenter
3150 1687 3255 1747 iti-

797 1809 961 1852 nera
1016 1789 1278 1863 fecisse,
1350 1808 1569 1871 neque
1648 1797 1751 1851 est
1804 1791 2052 1851 mirum
2108 1790 2388 1878 ‘saepius
2459 1798 2526 1853 et
2588 1811 2704 1852 eos
2750 1791 2838 1853 ad
2865 1792 3252 1874 =principem

803 1897 1077 1974 adiisse,
1137 1906 1206 1960 et
1262 1897 1484 1979 ipsum
1535 1904 1769 1980 sponte
1824 1916 1947 1958 sua
1999 1896 2086 1958 ad
2141 1916 2259 1958 eos
2317 1898 2645 1979 quaedam
2702 1898 3079 1982 scripsisse.

917 2004 1218 2067 Primum
1273 2013 1584 2067 notemus
1633 2002 1809 2066 illud
1864 2004 2152 2067 edictum
2208 2024 2342 2086 quo
2398 2004 2782 2067 Hadrianus
2846 2027 2885 2068 «
2922 2005 3249 2068 beneficio

692 2148 696 2151 >
797 2113 1061 2174 Atticae
1111 2112 1516 2195 reipublicae
1572 2111 1939 2182 constituit,
2010 2119 2087 2173 ut
2140 2119 2321 2173 certa
2376 2110 2512 2174 olei
2567 2113 2881 2196 portione
2936 2113 3020 2174 ab
3074 2114 3252 2196 agri·

796 2219 968 2281 colis
1043 2218 1445 2281 conferenda
1538 2228 1606 2281 et
1698 2217 2111 2301 reipublicae
2192 2220 2573 2282 necessario
2668 2219 3028 2282 vendenda
3120 2221 3254 2283 olei

797 2323 1067 2407 publico
1107 2324 1580 2408 provideretur
1622 2344 1658 2385 »
1705 2326 1813 2404 (1).
1874 2323 2077 2404 Quod
2138 2323 2457 2397 edictum,
2513 2331 2586 2385 ut
2663 2344 2788 2407 par
2842 2332 2964 2399 est,
3028 2325 3254 2405 jussus

798 2432 1092 2513 speciem
1164 2430 1462 2515 praebet,
1537 2439 1606 2493 et
1675 2430 1918 2493 modus
1989 2431 2432 2513 imperativus
2509 2449 2776 2514 semper
2867 2431 3247 2497 adhibetur.

797 2536 1137 2620 Epistulae
1191 2556 1354 2600 vero
1401 2538 1671 2621 proprie
1727 2537 1969 2611 dictae,
2030 2557 2412 2620 quanquam
2474 2538 2872 2620 plerumque
2928 2538 3247 2601 brevissi-

793 2665 944 2708 mae
972 2654 1147 2717 sum,
1195 2648 1518 2730 majorem
1573 2654 1801 2708 tamen
1852 2646 2249 2707 varietatem
2300 2644 2612 2706 offerunt.
2658 2643 2757 2706 Ex
2802 2645 3049 2727 quibus
3078 2646 3252 2708 aliae

794 2753 881 2815 ad
924 2772 1250 2835 personas
1291 2762 1408 2815 aut
1455 2772 1563 2816 res
1604 2751 1997 2834 singulareS‚
2056 2752 2228 2814 aliae
2293 2751 2379 2813 ad
2432 2752 2894 2813 communiora
2941 2753 3243 2817 tendunt.

794 2859 922 2923 Hic
968 2861 1056 2943 (α)
1102 2860 1414 2944 princeps
1496 2859 1568 2925 L.
1652 2859 1982 2934 Erastum,
2035 2861 2149 2942 qui
2222 2861 2531 2941 βουλευτής
2612 2879 2762 2922 esse
2819 2859 3004 2943 cupit
3069 2859 3248 2943 apud

790 2968 1123 3050 Ephesios
1182 2968 1623 3038 commendat,
1704 2967 2189 3050 polliceturque
2254 2986 2326 3029 se
2384 2968 2527 3049 ejus
2590 2967 2866 3028 nomine
2933 2966 3243 3028 daturum

791 3095 939 3138 esse
1011 3074 1366 3158 pecuniam
1432 3094 1631 3157 quam
1707 3080 1756 3136 οἱ
1845 3076 2207 3154 βυυλεύοντες
2281 3074 2728 3156 cooptationis
2801 3093 2998 3135 causa
3083 3073 3243 3136 dare

792 3184 1053 3245 soleant
1099 3182 1209 3264 (3).
1262 3182 1409 3244 Illic
1470 3183 1552 3260 (4)
1603 3181 1908 3244 breviter
1973 3181 2310 3263 significat
2381 3200 2453 3243 se
2521 3179 2839 3242 didicisse
2906 3181 3243 3262 quomodo

791 3290 1324 3352 Stratonicenses
1391 3297 1459 3351 et
1522 3288 1910 3373 proconsuli
1963 3288 2231 3350 cuidam
2309 3307 2610 3362 romano,
2687 3297 2755 3350 et
2808 3288 2938 3371 ipsi
3005 3288 3242 3350 nuntio

789 3397 1097 3460 Candido
1167 3394 1438 3458 Juliano
1507 3397 1756 3477 gratias
1828 3396 2117 3478 egerint,
2190 3395 2374 3477 quod
2428 3395 2702 3478 quidem
2777 3394 3241 3477 probationem

788 3503 1150 3586 quamdam
1179 3503 1493 3567 continet.
1517 3502 1860 3586 Epistulae
1903 3521 2170 3585 quoque
2226 3502 2474 3584 quibus
2525 3500 2874 3565 facultates
2912 3502 3241 3584 quaedam

789 3612 1068 3694 synodis
1096 3609 1362 3683 dantur,
1398 3611 1457 3672 si
1505 3610 1968 3682 brevissimae,
1994 3628 2133 3671 non
2154 3617 2376 3671 tamen
2422 3628 2702 3690 asperae
2731 3617 2889 3670 sunt
2917 3609 3027 3686 (5).
3056 3608 3241 3671 Alibi

787 3721 873 3801 (6)
928 3718 1314 3780 Hadrianus
1368 3717 1452 3779 de
1514 3717 1886 3779 honoribus
1933 3726 1998 3780 et
2051 3717 2231 3778 votis
2287 3736 2458 3798 quae
2513 3715 2600 3776 ad
2649 3715 2871 3797 ipsum
2940 3723 3240 3797 spectant

786 3826 1137 3908 perpaucis
1218 3824 1448 3886 verbis
1530 3822 1912 3906 respondet,
1966 3822 2150 3903 quod
2203 3821 2476 3904 quidem
2548 3821 3017 3905 parcissimum
3089 3840 3236 3884 esse

783 3932 1076 4009 videtur,
1137 3929 1530 4013 praesertim
1576 3930 1635 3991 si
1686 3928 1775 3991 ad
1814 3926 2104 3991 Neronis
2151 3928 2360 3990 verba
2409 3937 2479 3989 et
2515 3929 2762 4011 scripta
2794 3928 3231 3991 revolvimur.

781 4038 978 4101 Aliae
1036 4046 1383 4121 praeterea
1437 4035 1767 4118 epistulae
1815 4034 1904 4097 ad
1966 4033 2540 4097 administrandas
2586 4034 2975 4116 provincias
3037 4035 3236 4117 perti-

871 4318 939 4380 (1)
972 4318 1035 4368 N.
1071 4316 1177 4368 35.

869 4398 937 4459 (2)
974 4397 1035 4448 N.
1071 4394 1174 4447 28.

872 4477 937 4539 ‹3›
973 4478 1034 4530 V.
1071 4478 1149 4527 14.

866 4559 939 4620 (ὁ)
969 4559 1032 4609 Ν.
1066 4556 1154 4609 24,
1179 4559 1236 4607 et
1264 4554 1371 4607 25.

866 4639 935 4702 (5)
969 4638 1030 4687 N.
1064 4637 1160 4693 1⁷.
1197 4635 1310 4688 28.
1344 4636 1421 4687 ct.
1455 4633 1596 4686 139.

863 4719 932 4781 (6)
964 4716 1057 4775 16,
1094 4715 1198 4777 27,
1235 4716 1339 4777 30,
1375 4714 1484 4767 32.
