3692 5750
714 543 793 622 76
1818 563 1987 605 raas
2029 564 2077 605 11

712 750 1028 794 romanos
1101 752 1299 814 saepe
1378 753 1686 795 sermone
1768 752 2009 815 graeco
2089 752 2242 794 cum
2324 734 2580 814 graecis
2657 733 2930 815 populis
3003 728 3168 796 ,uso's

711 836 944 911 fuisse,
1016 848 1081 901 et
1157 840 1551 922 plerumque
1626 840 1863 902 eodem
1947 840 2147 902 modo
2229 839 2596 922 eodemque
2670 835 2898 903 animo
2968 835 3169 923 atque

712 953 1170 1009 antecessores
1253 967 1529 1017 eorum;
1591 947 1918 1027 quaedam
1974 955 2324 1029 praeterea
2382 946 2467 1009 ab
2518 948 2601 1008 iis
2657 946 2865 1010 latine
2922 941 3169 1030 scri'pta

712 1053 1036 1114 translata
1093 1053 1321 1127 fuisse,
1399 1056 1492 1116 ita
1544 1074 1708 1136 ergo
1782 1062 1856 1114 ut
1925 1054 2045 1115 illa
2115 1064 2251 1115 tam
2306 1062 2467 1115 nota
2532 1054 2741 1116 verba
2791 1071 2829 1114 «
2885 1062 3167 1136 utraque

715 1159 944 1241 lingua
1001 1181 1059 1234 »‚
1143 1166 1178 1241 ἡ
1248 1163 1490 1246 ἑκατέρα
1556 1165 1809 1242 γλῶττα,
1894 1163 2108 1245 magis
2189 1167 2388 1244 a'tque
2461 1162 2679 1243 magis
2708 1159 2712 1163 Δ
2742 1161 2827 1223 de
2894 1156 3167 1244 publico

715 1286 1024 1329 sermone
1093 1269 1232 1329 vim
1330 1277 1397 1329 et
1450 1267 2065 1350 'significationem
2148 1268 2474 1331 haberent
2550 1267 2664 1348 ’(ι).
2710 1265 2715 1268 ⁴
2756 1263 2988 1349 Neque
3065 1277 3169 1330 est

715 1374 996 1436 dubium
1080 1376 1244 1457 quin
1295 1374 1640 1456 paululum
1695 1374 1906 1436 latina
1964 1375 2190 1458 lingua
2266 1375 2444 1457 apud
2528 1374 2827 1438 Orientis
2881 1376 3168 1458 populos

713 1482 929 1565 magis
981 1490 1140 1544 nota
1191 1483 1317 1552 sit;
1370 1482 1496 1543 hoc
1550 1501 1710 1542 vero
1764 1482 2213 1543 certissimum
2268 1490 2369 1543 est
2420 1481 2758 1544 Romanos
2814 1490 3169 1544 eonsuetu—

715 1588 941 1651 dinem
997 1608 1234 1669 graece
1290 1588 1631 1650 scribendi
1681 1588 2198 1670 haudquaquam
2274 1590 2603 1650 omisisse.
2685 1587 2784 1650 Ex
2845 1609 2977 1671 quo
3035 1587 3169 1650 effi-

715 1696 893 1758 citur
969 1695 1179 1757 multa
1268 1694 1601 1756 vocabula
1660 1696 1734 1757 in
1815 1715 1896 1756 eo
1962 1714 2109 1757 esse
2186 1704 2259 1756 ut
2313 1716 2394 1758 ex
2450 1695 2662 1757 latino
2717 1698 2791 1756 in
2861 1715 3167 1777 graecum

718 1801 1071 1885 obrepant,
1104 1812 1171 1864 et
1199 1823 1503 1885 graecam
1556 1801 1859 1884 linguam
1907 1804 1965 1862 si
2015 1821 2154 1864 non
2182 1802 2395 1874 cedat,
2448 1802 2686 1865 saltem
2713 1802 3169 1865 Romanorum

718 1927 1050 1980 sermone,
1105 1908 1288 1991 quod
1342 1918 1520 1971 certe
1578 1908 1665 1970 ad
1721 1908 2154 1970 selectionem
2200 1908 2567 1971 verborum
2613 1917 2883 1992 spectat,
2946 1918 3171 1971 conta-

716 2016 964 2080 minari
1020 2036 1239 2098 posse.
1319 2015 1455 2078 Sed
1503 2016 1612 2076 hic
1664 2016 1969 2077 nondum
2043 2021 2143 2077 es't
2229 2014 2417 2077 locus
2467 2016 2553 2078 de
2609 2015 2901 2101 singulis
2973 2016 3172 2099 hujus
3230 2011 3235 2016 ’

717 2123 1052 2184 sermonis
1100 2123 1352 2204 regulis
1422 2121 1773 2195 disserere,
1851 2129 1919 2185 et
1966 2123 2109 2204 jam
2166 2122 2599 2204 inspiciamus
2667 2142 2802 2204 quo
2856 2123 3061 2185 modo
3108 2131 3175 2183 et

718 2249 853 2310 quo
900 2230 1128 2291 animo
1185 2228 1509 2311 epistulae
1564 2230 2080 2312 magistratuum
2132 2230 2423 2311 scriptae
2479 2229 2758 2293 fuerint.

812 2472 1046 2532 (uivida
1077 2475 1322 2522 nostram
1355 2473 1791 2524 dissertationem
1844 2474 2116 2524 Inssuence
2156 2475 2229 2524 du
2284 2471 2418 2522 laun
2452 2486 2548 2522 sur
2580 2473 2632 2522 le
2675 2486 2820 2536 grec,
2850 2485 2904 2535 p.
2940 2471 3170 2522 117-118.

886 2541 938 2652 Κ»,
