<?xml version="1.0" encoding="UTF-8"?>
<!DOCTYPE html PUBLIC "-//W3C//DTD XHTML 1.0 Transitional//EN"
    "http://www.w3.org/TR/xhtml1/DTD/xhtml1-transitional.dtd">
<html xmlns="http://www.w3.org/1999/xhtml" xml:lang="en" lang="en">
 <head>
  <title>
</title>
<meta http-equiv="Content-Type" content="text/html;charset=utf-8" />
  <meta name='ocr-system' content='tesseract 3.04.00' />
  <meta name='ocr-capabilities' content='ocr_page ocr_carea ocr_par ocr_line ocrx_word'/>
</head>
<body>
  <div class='ocr_page' id='page_1' title='image "./deepistulisalii00lafogoog_0135.png"; bbox 0 0 3692 5750; ppageno 0'>
   <div class='ocr_carea' id='block_1_1' title="bbox 50 2526 55 3289">
    <p class='ocr_par' dir='ltr' id='par_1_1' title="bbox 50 2526 55 3289">
     <span class='ocr_line' id='line_1_1' title="bbox 50 2526 55 3289; baseline 0 0"><span class='ocrx_word' id='word_1_1' title='bbox 50 2526 55 3289; x_wconf 95' lang='lat' dir='ltr'><strong> </strong></span> 
     </span>
    </p>
   </div>
   <div class='ocr_carea' id='block_1_2' title="bbox 1510 573 2929 636">
    <p class='ocr_par' dir='ltr' id='par_1_2' title="bbox 1510 573 2929 636">
     <span class='ocr_line' id='line_1_2' title="bbox 1510 573 2929 636; baseline -0.001 -20"><span class='ocrx_word' id='word_1_2' title='bbox 1510 573 1886 616; x_wconf 76' lang='lat' dir='ltr'><strong>coNchsm</strong></span> <span class='ocrx_word' id='word_1_3' title='bbox 2817 574 2843 616; x_wconf 92' lang='lat'>1</span> <span class='ocrx_word' id='word_1_4' title='bbox 2860 574 2881 614; x_wconf 78' lang='grc' dir='ltr'><strong>ι</strong></span> <span class='ocrx_word' id='word_1_5' title='bbox 2895 575 2929 636; x_wconf 81' lang='lat'><strong>7</strong></span> 
     </span>
    </p>
   </div>
   <div class='ocr_carea' id='block_1_3' title="bbox 474 741 2931 2217">
    <p class='ocr_par' dir='ltr' id='par_1_3' title="bbox 477 741 2928 932">
     <span class='ocr_line' id='line_1_3' title="bbox 479 741 2928 827; baseline 0.002 -26"><span class='ocrx_word' id='word_1_6' title='bbox 479 741 716 811; x_wconf 76' lang='lat' dir='ltr'><strong>venda,</strong></span> <span class='ocrx_word' id='word_1_7' title='bbox 780 743 921 804; x_wconf 84' lang='lat' dir='ltr'><strong>sive</strong></span> <span class='ocrx_word' id='word_1_8' title='bbox 980 741 1061 804; x_wconf 91' lang='lat' dir='ltr'><strong>de</strong></span> <span class='ocrx_word' id='word_1_9' title='bbox 1130 741 1517 804; x_wconf 87' lang='lat' dir='ltr'><strong>hominibus</strong></span> <span class='ocrx_word' id='word_1_10' title='bbox 1582 745 1749 825; x_wconf 89' lang='lat' dir='ltr'><strong>ipsis</strong></span> <span class='ocrx_word' id='word_1_11' title='bbox 1813 744 2237 827; x_wconf 83' lang='lat' dir='ltr'>appellandis</span> <span class='ocrx_word' id='word_1_12' title='bbox 2299 765 2338 806; x_wconf 87' lang='lat' dir='ltr'><strong>a</strong></span> <span class='ocrx_word' id='word_1_13' title='bbox 2410 766 2445 806; x_wconf 91' lang='lat'>«</span> <span class='ocrx_word' id='word_1_14' title='bbox 2509 745 2717 806; x_wconf 84' lang='lat' dir='ltr'><strong>latino</strong></span> <span class='ocrx_word' id='word_1_15' title='bbox 2768 766 2804 805; x_wconf 90' lang='lat'>»</span> <span class='ocrx_word' id='word_1_16' title='bbox 2854 745 2928 806; x_wconf 90' lang='lat' dir='ltr'><strong>in</strong></span> 
     </span>
     <span class='ocr_line' id='line_1_4' title="bbox 477 850 1428 932; baseline 0 -21"><span class='ocrx_word' id='word_1_17' title='bbox 477 871 513 911; x_wconf 90' lang='lat'>«</span> <span class='ocrx_word' id='word_1_18' title='bbox 557 869 867 932; x_wconf 84' lang='lat' dir='ltr'><strong>graecum</strong></span> <span class='ocrx_word' id='word_1_19' title='bbox 911 870 946 910; x_wconf 89' lang='lat'>»</span> <span class='ocrx_word' id='word_1_20' title='bbox 990 850 1428 931; x_wconf 87' lang='lat' dir='ltr'><strong>irrepserunt.</strong></span> 
     </span>
    </p>

    <p class='ocr_par' dir='ltr' id='par_1_4' title="bbox 474 957 2931 2217">
     <span class='ocr_line' id='line_1_5' title="bbox 598 957 2929 1042; baseline -0 -23"><span class='ocrx_word' id='word_1_21' title='bbox 598 957 1008 1038; x_wconf 87' lang='lat' dir='ltr'><strong>Colligamns</strong></span> <span class='ocrx_word' id='word_1_22' title='bbox 1089 958 1292 1038; x_wconf 87' lang='lat' dir='ltr'><strong>igitur</strong></span> <span class='ocrx_word' id='word_1_23' title='bbox 1364 979 1484 1040; x_wconf 88' lang='lat' dir='ltr'><strong>per</strong></span> <span class='ocrx_word' id='word_1_24' title='bbox 1559 959 1684 1020; x_wconf 89' lang='lat' dir='ltr'><strong>hoc</strong></span> <span class='ocrx_word' id='word_1_25' title='bbox 1759 961 2079 1042; x_wconf 88' lang='lat' dir='ltr'><strong>temporis</strong></span> <span class='ocrx_word' id='word_1_26' title='bbox 2154 961 2442 1041; x_wconf 89' lang='lat' dir='ltr'><strong>spatium</strong></span> <span class='ocrx_word' id='word_1_27' title='bbox 2520 960 2929 1021; x_wconf 88' lang='lat' dir='ltr'><strong>Graecorum</strong></span> 
     </span>
     <span class='ocr_line' id='line_1_6' title="bbox 477 1066 2925 1147; baseline -0.001 -21"><span class='ocrx_word' id='word_1_28' title='bbox 477 1084 852 1128; x_wconf 87' lang='lat' dir='ltr'><strong>sermonem</strong></span> <span class='ocrx_word' id='word_1_29' title='bbox 917 1066 1141 1145; x_wconf 89' lang='lat' dir='ltr'><strong>potius</strong></span> <span class='ocrx_word' id='word_1_30' title='bbox 1195 1067 1521 1127; x_wconf 69' lang='lat' dir='ltr'><strong>restitisse</strong></span> <span class='ocrx_word' id='word_1_31' title='bbox 1578 1086 1779 1146; x_wconf 85' lang='lat' dir='ltr'><strong>quarn</strong></span> <span class='ocrx_word' id='word_1_32' title='bbox 1836 1069 2141 1128; x_wconf 74' lang='lat' dir='ltr'><strong>cessisse.</strong></span> <span class='ocrx_word' id='word_1_33' title='bbox 2213 1067 2351 1147; x_wconf 87' lang='lat' dir='ltr'><strong>Qui</strong></span> <span class='ocrx_word' id='word_1_34' title='bbox 2408 1086 2634 1129; x_wconf 88' lang='lat' dir='ltr'><strong>rerum</strong></span> <span class='ocrx_word' id='word_1_35' title='bbox 2693 1073 2925 1132; x_wconf 86' lang='lat' dir='ltr'><strong>status,</strong></span> 
     </span>
     <span class='ocr_line' id='line_1_7' title="bbox 477 1171 2927 1254; baseline -0.001 -20"><span class='ocrx_word' id='word_1_36' title='bbox 477 1171 883 1245; x_wconf 77' lang='lat' dir='ltr'><strong>mehercule,</strong></span> <span class='ocrx_word' id='word_1_37' title='bbox 949 1172 1226 1253; x_wconf 85' lang='lat' dir='ltr'><strong>jamjam</strong></span> <span class='ocrx_word' id='word_1_38' title='bbox 1297 1173 1642 1254; x_wconf 85' lang='lat' dir='ltr'><strong>paululum</strong></span> <span class='ocrx_word' id='word_1_39' title='bbox 1695 1173 2082 1236; x_wconf 79' lang='lat' dir='ltr'><strong>mutabitur.</strong></span> <span class='ocrx_word' id='word_1_40' title='bbox 2150 1176 2416 1236; x_wconf 82' lang='lat' dir='ltr'><strong>Etenim</strong></span> <span class='ocrx_word' id='word_1_41' title='bbox 2490 1174 2547 1233; x_wconf 90' lang='lat' dir='ltr'><strong>si</strong></span> <span class='ocrx_word' id='word_1_42' title='bbox 2611 1173 2697 1234; x_wconf 90' lang='lat' dir='ltr'><strong>ad</strong></span> <span class='ocrx_word' id='word_1_43' title='bbox 2759 1171 2927 1233; x_wconf 87' lang='lat' dir='ltr'><strong>illud</strong></span> 
     </span>
     <span class='ocr_line' id='line_1_8' title="bbox 476 1280 2931 1362; baseline -0 -20"><span class='ocrx_word' id='word_1_44' title='bbox 476 1289 740 1362; x_wconf 87' lang='lat' dir='ltr'><strong>tempus</strong></span> <span class='ocrx_word' id='word_1_45' title='bbox 798 1281 1134 1342; x_wconf 74' lang='lat' dir='ltr'><strong>studueris</strong></span> <span class='ocrx_word' id='word_1_46' title='bbox 1198 1281 1380 1362; x_wconf 89' lang='lat' dir='ltr'><strong>quod</strong></span> <span class='ocrx_word' id='word_1_47' title='bbox 1438 1301 1478 1341; x_wconf 87' lang='lat' dir='ltr'><strong>a</strong></span> <span class='ocrx_word' id='word_1_48' title='bbox 1532 1280 1969 1342; x_wconf 84' lang='lat' dir='ltr'><strong>Constantino</strong></span> <span class='ocrx_word' id='word_1_49' title='bbox 2040 1301 2250 1362; x_wconf 86' lang='lat' dir='ltr'><strong>usque</strong></span> <span class='ocrx_word' id='word_1_50' title='bbox 2318 1281 2402 1342; x_wconf 93' lang='lat' dir='ltr'><strong>ad</strong></span> <span class='ocrx_word' id='word_1_51' title='bbox 2472 1280 2931 1342; x_wconf 87' lang='lat' dir='ltr'><strong>Justinianum</strong></span> 
     </span>
     <span class='ocr_line' id='line_1_9' title="bbox 477 1386 2930 1468; baseline 0 -20"><span class='ocrx_word' id='word_1_52' title='bbox 477 1388 874 1457; x_wconf 76' lang='lat' dir='ltr'><strong>extenditur,</strong></span> <span class='ocrx_word' id='word_1_53' title='bbox 949 1407 1127 1449; x_wconf 81' lang='lat' dir='ltr'><strong>novo</strong></span> <span class='ocrx_word' id='word_1_54' title='bbox 1197 1389 1449 1468; x_wconf 89' lang='lat' dir='ltr'><strong>impetu</strong></span> <span class='ocrx_word' id='word_1_55' title='bbox 1505 1386 1790 1449; x_wconf 85' lang='lat' dir='ltr'><strong>latinum</strong></span> <span class='ocrx_word' id='word_1_56' title='bbox 1864 1409 2239 1449; x_wconf 87' lang='lat' dir='ltr'><strong>sermonem</strong></span> <span class='ocrx_word' id='word_1_57' title='bbox 2303 1387 2374 1448; x_wconf 89' lang='lat' dir='ltr'><strong>in</strong></span> <span class='ocrx_word' id='word_1_58' title='bbox 2442 1388 2561 1447; x_wconf 81' lang='lat' dir='ltr'><strong>has</strong></span> <span class='ocrx_word' id='word_1_59' title='bbox 2622 1387 2930 1467; x_wconf 85' lang='lat' dir='ltr'><strong>regiones</strong></span> 
     </span>
     <span class='ocr_line' id='line_1_10' title="bbox 474 1494 2928 1576; baseline -0 -21"><span class='ocrx_word' id='word_1_60' title='bbox 474 1495 818 1556; x_wconf 89' lang='lat' dir='ltr'><strong>incurrere</strong></span> <span class='ocrx_word' id='word_1_61' title='bbox 873 1495 1176 1565; x_wconf 82' lang='lat' dir='ltr'><strong>videbis;</strong></span> <span class='ocrx_word' id='word_1_62' title='bbox 1227 1504 1292 1556; x_wconf 88' lang='lat' dir='ltr'><strong>et</strong></span> <span class='ocrx_word' id='word_1_63' title='bbox 1333 1494 1614 1555; x_wconf 82' lang='lat' dir='ltr'><strong>forsitan</strong></span> <span class='ocrx_word' id='word_1_64' title='bbox 1665 1515 1811 1556; x_wconf 88' lang='lat' dir='ltr'><strong>cum</strong></span> <span class='ocrx_word' id='word_1_65' title='bbox 1862 1495 1977 1556; x_wconf 84' lang='lat' dir='ltr'><strong>illa</strong></span> <span class='ocrx_word' id='word_1_66' title='bbox 2026 1496 2387 1576; x_wconf 68' lang='lat' dir='ltr'><strong>Byzantina</strong></span> <span class='ocrx_word' id='word_1_67' title='bbox 2428 1503 2643 1556; x_wconf 87' lang='lat' dir='ltr'><strong>aetate</strong></span> <span class='ocrx_word' id='word_1_68' title='bbox 2690 1494 2928 1555; x_wconf 85' lang='lat' dir='ltr'><strong>Graeci</strong></span> 
     </span>
     <span class='ocr_line' id='line_1_11' title="bbox 476 1601 2931 1684; baseline -0 -22"><span class='ocrx_word' id='word_1_69' title='bbox 476 1603 608 1684; x_wconf 86' lang='lat' dir='ltr'><strong>ipsi</strong></span> <span class='ocrx_word' id='word_1_70' title='bbox 654 1622 890 1683; x_wconf 85' lang='lat' dir='ltr'><strong>graece</strong></span> <span class='ocrx_word' id='word_1_71' title='bbox 946 1603 1134 1684; x_wconf 90' lang='lat' dir='ltr'><strong>loqui</strong></span> <span class='ocrx_word' id='word_1_72' title='bbox 1196 1601 1577 1674; x_wconf 86' lang='lat' dir='ltr'><strong>desiissent,</strong></span> <span class='ocrx_word' id='word_1_73' title='bbox 1644 1602 1778 1663; x_wconf 89' lang='lat' dir='ltr'><strong>nisi</strong></span> <span class='ocrx_word' id='word_1_74' title='bbox 1822 1603 1963 1684; x_wconf 88' lang='lat' dir='ltr'><strong>jam</strong></span> <span class='ocrx_word' id='word_1_75' title='bbox 2021 1601 2392 1682; x_wconf 86' lang='lat' dir='ltr'><strong>longinquo</strong></span> <span class='ocrx_word' id='word_1_76' title='bbox 2456 1602 2660 1669; x_wconf 82' lang='lat' dir='ltr'><strong>bello,</strong></span> <span class='ocrx_word' id='word_1_77' title='bbox 2713 1612 2785 1663; x_wconf 89' lang='lat' dir='ltr'><strong>ut</strong></span> <span class='ocrx_word' id='word_1_78' title='bbox 2840 1601 2931 1662; x_wconf 87' lang='lat' dir='ltr'><strong>ita</strong></span> 
     </span>
     <span class='ocr_line' id='line_1_12' title="bbox 478 1708 2930 1789; baseline 0 -21"><span class='ocrx_word' id='word_1_79' title='bbox 478 1709 716 1783; x_wconf 84' lang='lat' dir='ltr'><strong>dicam,</strong></span> <span class='ocrx_word' id='word_1_80' title='bbox 765 1709 1261 1780; x_wconf 80' lang='lat' dir='ltr'><strong>obduruissent,</strong></span> <span class='ocrx_word' id='word_1_81' title='bbox 1318 1719 1383 1770; x_wconf 89' lang='lat' dir='ltr'><strong>et</strong></span> <span class='ocrx_word' id='word_1_82' title='bbox 1421 1708 1800 1771; x_wconf 79' lang='lat' dir='ltr'><strong>facultatem</strong></span> <span class='ocrx_word' id='word_1_83' title='bbox 1849 1710 1931 1770; x_wconf 91' lang='lat' dir='ltr'><strong>ad</strong></span> <span class='ocrx_word' id='word_1_84' title='bbox 1978 1729 2310 1771; x_wconf 86' lang='lat' dir='ltr'><strong>summum</strong></span> <span class='ocrx_word' id='word_1_85' title='bbox 2350 1708 2659 1770; x_wconf 81' lang='lat' dir='ltr'><strong>vincendi</strong></span> <span class='ocrx_word' id='word_1_86' title='bbox 2710 1709 2930 1789; x_wconf 88' lang='lat' dir='ltr'><strong>acqui-</strong></span> 
     </span>
     <span class='ocr_line' id='line_1_13' title="bbox 477 1816 2929 1898; baseline 0 -22"><span class='ocrx_word' id='word_1_87' title='bbox 477 1818 794 1877; x_wconf 81' lang='lat' dir='ltr'><strong>sivissent</strong></span> <span class='ocrx_word' id='word_1_88' title='bbox 841 1818 950 1894; x_wconf 87' lang='lat'>(1).</span> <span class='ocrx_word' id='word_1_89' title='bbox 1012 1816 1406 1879; x_wconf 86' lang='lat' dir='ltr'><strong>Summatim</strong></span> <span class='ocrx_word' id='word_1_90' title='bbox 1463 1817 1734 1898; x_wconf 85' lang='lat' dir='ltr'><strong>quidem</strong></span> <span class='ocrx_word' id='word_1_91' title='bbox 1795 1818 2052 1898; x_wconf 84' lang='lat' dir='ltr'><strong>aliquot</strong></span> <span class='ocrx_word' id='word_1_92' title='bbox 2100 1817 2329 1888; x_wconf 83' lang='lat' dir='ltr'><strong>verba,</strong></span> <span class='ocrx_word' id='word_1_93' title='bbox 2392 1818 2563 1877; x_wconf 88' lang='lat' dir='ltr'><strong>sicut</strong></span> <span class='ocrx_word' id='word_1_94' title='bbox 2636 1816 2929 1877; x_wconf 87' lang='lat' dir='ltr'><strong>hostium</strong></span> 
     </span>
     <span class='ocr_line' id='line_1_14' title="bbox 477 1923 2929 2006; baseline -0 -22"><span class='ocrx_word' id='word_1_95' title='bbox 477 1923 996 2006; x_wconf 84' lang='lat' dir='ltr'><strong>propugnacula,</strong></span> <span class='ocrx_word' id='word_1_96' title='bbox 1054 1924 1470 1985; x_wconf 89' lang='lat' dir='ltr'><strong>admiserunt</strong></span> <span class='ocrx_word' id='word_1_97' title='bbox 1522 1933 1585 1984; x_wconf 86' lang='lat' dir='ltr'><strong>et</strong></span> <span class='ocrx_word' id='word_1_98' title='bbox 1640 1933 2113 1994; x_wconf 76' lang='lat' dir='ltr'><strong>servaverunt;</strong></span> <span class='ocrx_word' id='word_1_99' title='bbox 2166 1945 2367 2006; x_wconf 87' lang='lat' dir='ltr'><strong>quam</strong></span> <span class='ocrx_word' id='word_1_100' title='bbox 2420 1944 2583 1984; x_wconf 84' lang='lat' dir='ltr'><strong>vero</strong></span> <span class='ocrx_word' id='word_1_101' title='bbox 2642 1944 2815 1990; x_wconf 83' lang='lat' dir='ltr'><strong>rara,</strong></span> <span class='ocrx_word' id='word_1_102' title='bbox 2872 1924 2929 1983; x_wconf 91' lang='lat' dir='ltr'><strong>si</strong></span> 
     </span>
     <span class='ocr_line' id='line_1_15' title="bbox 475 2030 2928 2113; baseline 0 -22"><span class='ocrx_word' id='word_1_103' title='bbox 475 2030 612 2091; x_wconf 87' lang='lat' dir='ltr'><strong>illis</strong></span> <span class='ocrx_word' id='word_1_104' title='bbox 668 2031 1208 2112; x_wconf 89' lang='lat' dir='ltr'><strong>possessionibus</strong></span> <span class='ocrx_word' id='word_1_105' title='bbox 1256 2052 1336 2092; x_wconf 86' lang='lat' dir='ltr'><strong>ea</strong></span> <span class='ocrx_word' id='word_1_106' title='bbox 1391 2031 1692 2092; x_wconf 84' lang='lat' dir='ltr'><strong>conseras</strong></span> <span class='ocrx_word' id='word_1_107' title='bbox 1740 2051 1913 2113; x_wconf 90' lang='lat' dir='ltr'><strong>quae</strong></span> <span class='ocrx_word' id='word_1_108' title='bbox 1965 2031 2343 2092; x_wconf 85' lang='lat' dir='ltr'><strong>etiamnunc</strong></span> <span class='ocrx_word' id='word_1_109' title='bbox 2386 2051 2663 2112; x_wconf 86' lang='lat' dir='ltr'><strong>graecus</strong></span> <span class='ocrx_word' id='word_1_110' title='bbox 2710 2050 2928 2092; x_wconf 88' lang='lat' dir='ltr'><strong>sermo</strong></span> 
     </span>
     <span class='ocr_line' id='line_1_16' title="bbox 474 2129 1417 2217; baseline 0.001 -19"><span class='ocrx_word' id='word_1_111' title='bbox 474 2138 590 2198; x_wconf 82' lang='lat' dir='ltr'><strong>vix</strong></span> <span class='ocrx_word' id='word_1_112' title='bbox 646 2129 938 2198; x_wconf 63' lang='lat' dir='ltr'><strong>mutatus</strong></span> <span class='ocrx_word' id='word_1_113' title='bbox 987 2138 1247 2199; x_wconf 89' lang='lat' dir='ltr'><strong>obtinet</strong></span> <span class='ocrx_word' id='word_1_114' title='bbox 1294 2138 1417 2217; x_wconf 85' lang='lat'>(1)!</span> 
     </span>
    </p>
   </div>
   <div class='ocr_carea' id='block_1_4' title="bbox 473 2373 2929 2679">
    <p class='ocr_par' dir='ltr' id='par_1_5' title="bbox 473 2373 2929 2679">
     <span class='ocr_line' id='line_1_17' title="bbox 571 2373 2928 2436; baseline -0 -15"><span class='ocrx_word' id='word_1_115' title='bbox 571 2376 638 2430; x_wconf 90' lang='grc'><strong>(1)</strong></span> <span class='ocrx_word' id='word_1_116' title='bbox 677 2373 826 2422; x_wconf 87' lang='lat' dir='ltr'><strong>lllam</strong></span> <span class='ocrx_word' id='word_1_117' title='bbox 858 2373 1171 2425; x_wconf 71' lang='lat' dir='ltr'><strong>facultatem</strong></span> <span class='ocrx_word' id='word_1_118' title='bbox 1204 2374 1452 2422; x_wconf 79' lang='lat' dir='ltr'><strong>vincendi</strong></span> <span class='ocrx_word' id='word_1_119' title='bbox 1482 2376 1600 2436; x_wconf 82' lang='lat' dir='ltr'><strong>iure</strong></span> <span class='ocrx_word' id='word_1_120' title='bbox 1629 2373 1841 2422; x_wconf 85' lang='lat' dir='ltr'><strong>Thumb</strong></span> <span class='ocrx_word' id='word_1_121' title='bbox 1876 2377 1947 2436; x_wconf 81' lang='lat' dir='ltr'><strong>lp.</strong></span> <span class='ocrx_word' id='word_1_122' title='bbox 1994 2375 2099 2433; x_wconf 72' lang='grc'><strong>161)</strong></span> <span class='ocrx_word' id='word_1_123' title='bbox 2131 2375 2261 2423; x_wconf 88' lang='lat' dir='ltr'><strong>dum</strong></span> <span class='ocrx_word' id='word_1_124' title='bbox 2301 2374 2365 2422; x_wconf 85' lang='lat' dir='ltr'><strong>ad</strong></span> <span class='ocrx_word' id='word_1_125' title='bbox 2393 2376 2637 2423; x_wconf 86' lang='lat' dir='ltr'><strong>nostram</strong></span> <span class='ocrx_word' id='word_1_126' title='bbox 2669 2373 2928 2422; x_wconf 73' lang='lat' dir='ltr'><strong>disserta-</strong></span> 
     </span>
     <span class='ocr_line' id='line_1_18' title="bbox 474 2454 2929 2517; baseline -0.001 -13"><span class='ocrx_word' id='word_1_127' title='bbox 474 2456 695 2514; x_wconf 82' lang='lat' dir='ltr'><strong>tionem,</strong></span> <span class='ocrx_word' id='word_1_128' title='bbox 723 2455 992 2503; x_wconf 83' lang='lat' dir='ltr'><strong>lnssuenco</strong></span> <span class='ocrx_word' id='word_1_129' title='bbox 1024 2456 1094 2503; x_wconf 90' lang='lat' dir='ltr'><strong>du</strong></span> <span class='ocrx_word' id='word_1_130' title='bbox 1128 2454 1280 2515; x_wconf 81' lang='lat' dir='ltr'><strong>latin,</strong></span> <span class='ocrx_word' id='word_1_131' title='bbox 1304 2455 1490 2514; x_wconf 75' lang='lat' dir='ltr'><strong>refert,</strong></span> <span class='ocrx_word' id='word_1_132' title='bbox 1526 2468 1631 2503; x_wconf 89' lang='lat' dir='ltr'><strong>non</strong></span> <span class='ocrx_word' id='word_1_133' title='bbox 1656 2456 1961 2504; x_wconf 83' lang='lat' dir='ltr'><strong>absolutam</strong></span> <span class='ocrx_word' id='word_1_134' title='bbox 1992 2468 2110 2503; x_wconf 85' lang='lat' dir='ltr'><strong>esse</strong></span> <span class='ocrx_word' id='word_1_135' title='bbox 2140 2457 2312 2517; x_wconf 86' lang='lat' dir='ltr'><strong>putat,</strong></span> <span class='ocrx_word' id='word_1_136' title='bbox 2345 2457 2507 2516; x_wconf 86' lang='lat' dir='ltr'><strong>atque</strong></span> <span class='ocrx_word' id='word_1_137' title='bbox 2532 2454 2632 2516; x_wconf 80' lang='lat' dir='ltr'><strong>ipsi</strong></span> <span class='ocrx_word' id='word_1_138' title='bbox 2660 2454 2929 2502; x_wconf 84' lang='lat' dir='ltr'><strong>Romanos</strong></span> 
     </span>
     <span class='ocr_line' id='line_1_19' title="bbox 473 2534 2925 2598; baseline -0 -14"><span class='ocrx_word' id='word_1_139' title='bbox 473 2535 762 2598; x_wconf 86' lang='lat' dir='ltr'><strong>aliquando</strong></span> <span class='ocrx_word' id='word_1_140' title='bbox 800 2536 1085 2598; x_wconf 81' lang='lat' dir='ltr'><strong>segnitiem</strong></span> <span class='ocrx_word' id='word_1_141' title='bbox 1115 2537 1353 2598; x_wconf 83' lang='lat' dir='ltr'><strong>aliquam</strong></span> <span class='ocrx_word' id='word_1_142' title='bbox 1386 2537 1438 2584; x_wconf 80' lang='lat' dir='ltr'><strong>ln</strong></span> <span class='ocrx_word' id='word_1_143' title='bbox 1469 2536 1606 2584; x_wconf 88' lang='lat' dir='ltr'><strong>hanc</strong></span> <span class='ocrx_word' id='word_1_144' title='bbox 1628 2548 1863 2597; x_wconf 73' lang='lat' dir='ltr'><strong>pugnam</strong></span> <span class='ocrx_word' id='word_1_145' title='bbox 1902 2536 2151 2586; x_wconf 79' lang='lat' dir='ltr'><strong>attulisse</strong></span> <span class='ocrx_word' id='word_1_146' title='bbox 2180 2536 2534 2589; x_wconf 78' lang='lat' dir='ltr'><strong>admisimu83</strong></span> <span class='ocrx_word' id='word_1_147' title='bbox 2582 2534 2701 2584; x_wconf 80' lang='lat' dir='ltr'><strong>vide</strong></span> <span class='ocrx_word' id='word_1_148' title='bbox 2732 2546 2780 2596; x_wconf 88' lang='lat' dir='ltr'><strong>p.</strong></span> <span class='ocrx_word' id='word_1_149' title='bbox 2810 2534 2925 2583; x_wconf 80' lang='lat'><strong>¹51:</strong></span> 
     </span>
     <span class='ocr_line' id='line_1_20' title="bbox 475 2614 2928 2679; baseline 0.001 -19"><span class='ocrx_word' id='word_1_150' title='bbox 475 2631 498 2660; x_wconf 74' lang='grc' dir='ltr'>ι</span> <span class='ocrx_word' id='word_1_151' title='bbox 532 2615 603 2664; x_wconf 88' lang='lat' dir='ltr'><strong>Le</strong></span> <span class='ocrx_word' id='word_1_152' title='bbox 641 2618 879 2679; x_wconf 83' lang='lat' dir='ltr'><strong>prestlge</strong></span> <span class='ocrx_word' id='word_1_153' title='bbox 913 2629 1018 2678; x_wconf 86' lang='lat' dir='ltr'><strong>que</strong></span> <span class='ocrx_word' id='word_1_154' title='bbox 1053 2616 1101 2665; x_wconf 89' lang='lat' dir='ltr'><strong>la</strong></span> <span class='ocrx_word' id='word_1_155' title='bbox 1141 2617 1308 2666; x_wconf 74' lang='lat' dir='ltr'><strong>Grece</strong></span> <span class='ocrx_word' id='word_1_156' title='bbox 1337 2630 1528 2674; x_wconf 74' lang='lat' dir='ltr'><strong>exet-ca</strong></span> <span class='ocrx_word' id='word_1_157' title='bbox 1560 2630 1656 2664; x_wconf 87' lang='lat' dir='ltr'><strong>sur</strong></span> <span class='ocrx_word' id='word_1_158' title='bbox 1689 2617 2075 2678; x_wconf 81' lang='lat' dir='ltr'><strong>l&#39;imaglnatlon</strong></span> <span class='ocrx_word' id='word_1_159' title='bbox 2106 2617 2349 2665; x_wconf 80' lang='lat' dir='ltr'><strong>romalne</strong></span> <span class='ocrx_word' id='word_1_160' title='bbox 2366 2616 2448 2665; x_wconf 78' lang='lat' dir='ltr'><strong>fut</strong></span> <span class='ocrx_word' id='word_1_161' title='bbox 2476 2615 2543 2664; x_wconf 88' lang='lat' dir='ltr'><strong>de</strong></span> <span class='ocrx_word' id='word_1_162' title='bbox 2572 2616 2746 2663; x_wconf 85' lang='lat' dir='ltr'><strong>bonne</strong></span> <span class='ocrx_word' id='word_1_163' title='bbox 2762 2614 2928 2663; x_wconf 85' lang='lat' dir='ltr'><strong>heure</strong></span> 
     </span>
    </p>
   </div>
   <div class='ocr_carea' id='block_1_5' title="bbox 473 2698 904 2749">
    <p class='ocr_par' dir='ltr' id='par_1_6' title="bbox 473 2698 904 2749">
     <span class='ocr_line' id='line_1_21' title="bbox 473 2698 904 2749; baseline -0.009 -3"><span class='ocrx_word' id='word_1_164' title='bbox 473 2698 711 2749; x_wconf 77' lang='lat' dir='ltr'><strong>enorme,</strong></span> <span class='ocrx_word' id='word_1_165' title='bbox 747 2699 849 2746; x_wconf 86' lang='lat' dir='ltr'><strong>etc.</strong></span> <span class='ocrx_word' id='word_1_166' title='bbox 879 2713 904 2742; x_wconf 84' lang='lat'><strong>»</strong></span> 
     </span>
    </p>
   </div>
  </div>
 </body>
</html>
