3692 5750
1439 589 1814 635 concursio
2746 582 2771 625 ι
2786 565 2857 624 15
2908 549 2923 564 “

1374 1037 1883 1102 CONCLL’SIO

530 1333 602 1397 Si
657 1335 868 1416 igitur
921 1334 1096 1396 hanc
1173 1335 1714 1396 dissertationem
1769 1334 2049 1396 definire
2103 1333 2436 1396 volumus,
2528 1334 2653 1394 hoc
2730 1333 2865 1415 pri-

413 1463 592 1504 mum
641 1442 958 1524 colligere
995 1462 1355 1524 possumus
1395 1462 1710 1522 graecum
1754 1461 2135 1503 sermonem
2184 1461 2450 1521 semper
2492 1442 2566 1502 in
2610 1443 2869 1521 graecis

415 1549 799 1630 regionibus
894 1548 1236 1630 publicum
1323 1568 1701 1611 sermonem
1794 1548 2029 1618 fuisse,
2117 1568 2355 1631 neque.
2441 1548 2869 1610 Constantini

414 1658 736 1718 duntaxat
807 1667 963 1718 ante
1027 1665 1338 1726 aetatem,
1391 1655 1606 1717 ullum
1671 1665 1933 1737 tempus
1991 1657 2329 1718 exstitisse
2392 1677 2527 1737 qno
2583 1657 2867 1719 Romani

414 1765 498 1825 ad
584 1763 872 1847 populos
949 1784 1226 1845 graecos
1305 1763 1508 1824 latine
1589 1772 1850 1825 tantum
1929 1764 2224 1825 scribere
2308 1765 2699 1846 potuissent.
2780 1764 2869 1826 l't

415 1871 702 1934 Romani
740 1871 1160 1952 antiquiores
1203 1879 1474 1931 senatus
1510 1870 1810 1931 consulta
1856 1870 2356 1936 transtulerant.
2404 1879 2477 1930 ut
2526 1873 2871 1950 Augustus

417 1980 559 2061 ipsc
615 1987 681 2038 et
737 1976 1044 2039 Tiberius
1100 1978 1424 2058 epistulas
1471 1988 1538 2039 et
1591 1987 2097 2039 monumentum
2156 1979 2573 2057 ‚ancyrarum
2634 1996 2871 2057 graece

415 2094 530 2146 aut
593 2086 727 2166 ipsi
801 2088 1234 2168 scripserant,
1326 2095 1440 2146 aut
1521 2086 1726 2146 scribi
1797 2086 2163 2166 jusserant,
2244 2087 2337 2146 ita
2418 2087 2871 2167 posteriorum

415 2201 706 2255 aetatum
784 2195 1226 2276 imperatores
1303 2202 1372 2256 et
1464 2195 1893 2274 magistratus
1970 2194 2059 2254 ad
2135 2192 2207 2254 id
2273 2195 2483 2254 coacti
2558 2204 2713 2254 sunt
2794 2202 2869 2255 ut

414 2298 832 2361 devictorum
884 2319 1193 2362 sermone
1261 2301 1442 2382 apud
1492 2300 1790 2361 devictos
1839 2310 2207 2363 uterentur.
2269 2300 2654 2381 Aliquando
2726 2300 2871 2381 qui-

414 2406 566 2469 dem
618 2408 798 2469 tituli
880 2410 1227 2491 utriusque
1303 2409 1572 2490 linguae
1655 2409 1912 2470 auxilio
1964 2409 2177 2470 oculis
2270 2409 2598 2490 propositi
2676 2417 2868 2476 sunt:

414 2535 612 2598 saepe
667 2536 834 2578 vero
892 2516 1140 2578 factum
1196 2525 1298 2578 est
1367 2524 1444 2578 ut
1525 2517 1813 2578 victores
1893 2517 2195 2598 protinus
2246 2536 2481 2597 graece
2536 2516 2861 2596 epistulas

413 2623 714 2685 edictave
770 2623 1170 2692 scriberent,
1235 2633 1433 2706 atque
1488 2625 1690 2685 etiam
1773 2623 2173 2704 elegantiam
2249 2623 2545 2704 aliquam
2574 2623 2865 2685 -affecta-

413 2740 579 2792 rent.
649 2730 891 2794 Graeci
952 2751 1136 2800 vero,
1220 2732 1542 2793 submissi
1594 2732 1906 2812 quamvis
1955 2740 2021 2792 et
2078 2730 2452 2804 adulanteS‚
2508 2732 2865 2810 segnitiam

416 2845 665 2901 tantam
745 2839 818 2900 in
894 2838 1218 2901 discendo
1301 2837 1756 2900 Romanorum
1839 2857 2149 2900 sermone
2231 2837 2697 2899 ostendebant.
2792 2847 2866 2899 ut

412 2965 700 3028 semper,
759 2946 944 3028 quod
997 2945 1084 3007 ad
1140 2966 1245 3006 res
1289 2945 1574 3028 alicujus
1622 2946 1947 3008 momenti
1998 2946 2335 3014 attineret,
2385 2964 2658 3007 necesse
2687 2953 2865 3006 esset

412 3072 562 3114 cum
611 3054 696 3114 iis
749 3072 984 3135 graece
1036 3054 1377 3116 Romanos
1434 3073 1632 3135 agere
1691 3057 1804 3131 (1).

532 3160 753 3241 Quam
805 3159 893 3222 ob
944 3180 1214 3222 causam
1263 3181 1373 3222 res
1426 3163 1521 3222 ita
1583 3182 1654 3223 se
1706 3162 1984 3224 haberet
2033 3162 2265 3243 quaeri
2322 3168 2559 3242 potest.
2640 3160 2865 3221 Nostri

413 3268 684 3350 quidem
729 3269 906 3330 tituli
953 3269 1082 3349 ipsi
1130 3269 1296 3329 satis
1346 3270 1745 3330 confirmant
1791 3289 2123 3352 nusquam
2170 3268 2590 3330 sedulitatem
2646 3286 2865 3327 roma-

411 3394 568 3437 nam
639 3374 988 3456 fatigatam
1071 3376 1298 3437 suisse.
1381 3375 1825 3458 Imperatores
1902 3377 2081 3438 enim
2153 3384 2538 3437 constanter
2612 3374 2866 3453 legatos

411 3500 687 3563 graecos
771 3481 1193 3564 accipiebant
1267 3491 1332 3544 et
1409 3485 1689 3544 comiter
1787 3482 2233 3545 dimittebant.
2328 3482 2507 3543 Nero
2587 3481 2863 3562 quidem

411 3596 672 3671 poterat
737 3608 860 3650 sua
946 3590 1250 3650 oratione
1343 3589 1691 3672 paululum
1763 3592 1833 3652 in
1915 3592 2065 3672 ipso
2147 3588 2472 3651 beneficio
2568 3589 2863 3651 Graecos

412 3696 786 3777 deprimere
840 3705 907 3759 et
965 3695 1230 3758 laedere
1284 3719 1299 3757 :
1358 3696 1752 3780 plerumque
1807 3717 1972 3759 vero
2041 3698 2381 3780 principes
2459 3716 2537 3758 ac
2616 3696 2856 3777 magis-

411 3810 622 3863 tratus
668 3802 756 3864 ad
806 3803 878 3864 id
933 3802 1288 3864 studebant
1335 3812 1406 3864 ut
1446 3802 1760 3865 omnibus
1816 3812 1882 3864 et
1968 3805 2282 3866 decenter
2337 3804 2589 3885 gratias
2658 3800 2859 3864 refer·

409 3917 580 3973 rent,
666 3919 733 3971 et
808 3909 1044 3970 laudes
1118 3910 1539 3993 honoresque
1615 3912 1992 3977 mitterent:
2072 3931 2309 3993 neque,
2396 3920 2469 3972 ut
2543 3910 2855 3975 vidimus,

409 4016 776 4098 quidquam
845 4016 1286 4098 neglegebant
1348 4018 1710 4099 quominus
1787 4038 2034 4080 nomen
2102 4037 2455 4080 romanum
2520 4026 2589 4079 et
2644 4016 2858 4099 splen-

409 4121 640 4183 didum
700 4130 765 4184 et
819 4142 1208 4184 mansurum
1255 4124 1538 4206 ideoque
1588 4123 1945 4186 colendum
1988 4133 2185 4206 atque
2234 4126 2436 4186 etiam
2486 4123 2856 4186 timendum

409 4230 856 4292 ostenderent.
932 4231 1170 4293 Graeci
1244 4251 1406 4293 vero
1486 4232 1582 4293 ita
1665 4240 1729 4293 et
1815 4251 2035 4293 mores
2115 4251 2273 4293 suos
2343 4239 2408 4291 et
2476 4240 2857 4312 temporum

407 4339 921 4418 praeteritorum
994 4338 1384 4400 memoriam
1457 4337 1828 4429 diligebant
1890 4346 1966 4400 ut
2036 4358 2123 4400 ne
2206 4338 2496 4401 delibari
2581 4339 2857 4421 quidem

409 4462 786 4507 sermonem
868 4465 1061 4506 suum
1141 4444 1430 4507 libenter
1502 4447 1820 4508 sinerent.
1890 4447 2218 4528 Alioquin
2284 4467 2505 4509 sermo
2579 4467 2858 4529 graecus

500 4671 567 4733 (1)
591 4671 670 4722 lta
695 4671 918 4735 quidem
947 4672 1237 4735 aliquando
1271 4672 1495 4722 Romani
1532 4674 1634 4735 ipsi
1679 4672 2035 4723 libentissime
2073 4674 2306 4737 agebant
2335 4675 2512 4736 (Nero,
2557 4678 2619 4725 ιιι
2660 4686 2829 4725 uuum

409 4751 722 4815 exemplum
756 4764 1101 4816 proponam).
