3692 5750
1241 536 1328 578 DE
1371 536 1683 580 SERMONB
1725 536 2119 581 TITULORUM
2791 537 2899 580 111

451 703 634 786 quod
707 705 793 766 ad
850 705 1309 788 accipiendam
1383 705 1738 791 ἀποδέχομαι
1821 709 1951 788 (1);
2025 708 2209 790 quod
2290 707 2380 769 ad
2448 706 2900 779 deferendam,

453 809 768 892 ἀποδίδωμι
838 814 948 892 (2).
1038 812 1373 895 Denique,
1453 834 1836 896 quanquam
1904 815 2296 897 plerumque
2362 814 2518 876 illae
2580 815 2904 896 epistulae

454 919 781 1001 superbae
819 907 896 982 ⁴et
948 920 1577 1003 imperiosae.sunt‚
1639 921 1981 983 interdum
2033 931 2259 984 tamen
2317 921 2527 984 verba
2582 931 2913 1004 apparent

454 1026 699 1108 quibus
753 1035 822 1088 et
872 1025 1348 1090 benevolentia
1412 1029 1795 1111 principum
1853 1049 2009 1110 erga
2080 1028 2438 1110 subjectOS,
2498 1038 2562 1092 et
2613 1029 2907 1091 studium

455 1142 761 1195 mutuum
827 1144 1265 1217 utrorumque
1331 1143 1973 1208 commemorentur;
2054 1136 2211 1197 inde
2285 1136 2493 1198 verba
2555 1141 2739 1197 εὔνοια
2799 1135 2903 1217 (3),

455 1244 645 1308 εὔνους
705 1240 816 1320 (4),
880 1246 1161 1324 πρόθυμος
1239 1243 1349 1323 (5),
1405 1248 1683 1328 προθυμία
1741 1244 1827 1323 (6)
1877 1241 2141 1325 aliaque
2185 1243 2458 1304 similia.
2516 1241 2703 1323 Quas
2757 1262 2909 1305 con-

456 1347 867 1416 suetudines.
930 1357 1005 1409 ut
1058 1350 1346 1426 videtur,
1400 1349 1688 1413 Romani
1744 1371 1783 1410 a
1847 1348 2124 1411 Graecis
2182 1358 2631 1431 sumpserunt,
2694 1367 2908 1432 neque

456 1464 560 1517 est
615 1454 895 1516 dubium
931 1456 1098 1537 quin
1144 1457 1297 1517 hinc
1345 1465 1533 1519 ortus
1578 1457 1664 1518 sit
1711 1477 1858 1518 mos
1911 1456 2277 1518 verborum
2324 1453 2669 1528 ἀκολούθως,
2713 1460 2904 1541 κρίνω,

456 1563 612 1637 αξιῶ,
648 1553 985 1647 ’συγχωρῶ,
1055 1561 1392 1644 ἀποδίδωμι,
1477 1568 1684 1636 εὔνοια,
1762 1568 2064 1646 προθυμία,
2137 1570 2261 1625 etc.
2372 1562 2910 1625 adhibendorum

458 1690 629 1752 quae
684 1671 937 1753 passim
995 1671 1069 1731 in
1121 1671 1371 1732 nostris
1436 1670 1648 1731 titulis
1703 1670 2117 1744 invenimus,
2176 1679 2244 1731 et
2295 1669 2377 1730 de
2433 1689 2723 1752 quorum
2767 1670 2911 1751 qui-

457 1776 743 1839 busdam
800 1780 942 1861 jam
1012 1776 1201 1859 plura
1270 1778 1705 1839 notavimus·
1750 1779 2030 1837 Μανθάνω
2110 1785 2336 1838 tamen
2408 1776 2609 1839 nobis
2687 1777 2911 1838 carius

458 1882 665 1946 fuisse
722 1884 1043 1948 Romanis
1095 1904 1296 1966 quam
1361 1884 1640 1946 Graecis
1700 1883 1986 1955 videtur,
2046 1891 2113 1945 et
2179 1883 2459 1945 forsitan
2516 1884 2644 1945 hoc
2697 1882 2911 1946 verbo

460 1990 1073 2072 frequentissimum
1119 1990 1402 2052 verbum
1451 1990 1735 2053 latinum
1790 2009 1828 2052 α
1889 2010 2294 2071 cognoscere
2350 2009 2386 2052 »
2439 1992 2652 2053 nostri
2706 1991 2912 2073 scrip·

459 2105 643 2159 tores
702 2097 1183 2174 transtulerint,
1253 2118 1404 2159 cum
1458 2097 1811 2180 jejunitate
1885 2096 2178 2180 quadam
2234 2117 2407 2179 quae
2458 2098 2640 2181 genti
2695 2107 2913 2161 extra-

459 2224 625 2267 neae
682 2225 819 2267 non
865 2214 968 2267 est
1021 2204 1290 2266 crimini
1337 2205 1577 2268 danda.

579 2312 724 2374 Hoc
780 2333 1047 2396 quoque
1102 2312 1505 2394 generaliter
1572 2312 1655 2374 de
1711 2311 1963 2373 nostris
2013 2311 2232 2373 titulis
2277 2319 2380 2384 est
2427 2311 2909 2393 quaerendum,

460 2420 800 2501 quomodo
854 2429 920 2483 et
981 2420 1260 2482 nomina
1306 2418 1842 2500 magistratuum,
1923 2428 1990 2481 et
2040 2438 2158 2481 eae
2216 2437 2323 2479 res
2387 2438 2559 2499 quae
2620 2420 2705 2481 ad
2759 2439 2910 2501 pro-

459 2527 719 2589 vincias
771 2525 1339 2589 administrandas
1393 2533 1691 2606 spectent
1755 2525 1938 2606 apud
1988 2534 2259 2588 nostros
2300 2527 2533 2590 titulos
2589 2527 2911 2591 translata

458 2635 614 2698 sint.
664 2633 817 2698 Jam
867 2631 1331 2716 Waddington
1384 2635 1469 2715 (7)
1524 2641 1588 2694 et
1639 2632 2017 2694 Mommsen
2093 2632 2202 2713 (8),
2260 2642 2327 2696 et
2384 2643 2536 2716 post
2600 2655 2717 2696 eos
2768 2635 2912 2699 Vie-

457 2741 616 2803 reck
673 2743 760 2824 (9)
817 2750 886 2804 et
939 2741 1228 2825 denique
1285 2740 1573 2802 Foucart
1631 2741 1758 2819 (1ο)
1822 2739 1907 2801 de
1963 2740 2351 2802 nominibus
2401 2742 2912 2824 magistratuum

459 2849 943 2912 disseruerunt.
995 2849 1100 2912 De
1143 2848 1557 2931 argumentis
1603 2847 1878 2930 quidem
1929 2868 2159 2911 eorum
2210 2867 2349 2911 non
2396 2847 2905 2931 disputabimus,

460 2977 613 3019 cum
664 2956 751 3019 ad
793 2966 1100 3019 nostrum
1140 2965 1420 3038 tempus·
1450 2954 1846 3038 plerumque
1896 2975 2034 3017 non
2078 2957 2479 3038 pertineant,
2533 2958 2614 3018 In
2663 2961 2910 3021 nostris

462 3084 624 3127 vero
672 3064 905 3142 titulis,
955 3064 1135 3126 haud
1176 3064 1455 3125 dubium
1495 3062 1691 3124 nobis
1746 3062 2016 3125 videtur
2069 3083 2215 3125 esse
2285 3065 2449 3147 quin
2500 3066 2707 3133 ὕπατος
2763 3086 2912 3128 con·

455 3173 671 3235 sulem
719 3174 848 3251 (11)
886 3169 1196 3240 ἇνθύπᾱτος
1242 3170 1714 3254 proconsulem
1743 3171 1896 3250 (12),
1946 3180 2014 3234 et
2065 3168 2405 3232 ἀνθυπατεία
2442 3170 2592 3251 (13),
2634 3193 2910 3254 procon-

456 3279 747 3341 sulatum
812 3278 1211 3361 signiflcent,
1289 3279 1552 3341 etiamsi
1603 3297 1875 3360 praeses
1928 3298 1965 3339 «
2039 3276 2310 3359 praetor
2357 3299 2482 3360 pro
2549 3280 2825 3341 consule
2873 3301 2909 3342 »

552 3481 618 3541 (1)
654 3479 731 3528 Id.
762 3476 827 3529 ⁴5
862 3479 918 3540 Β,
948 3491 1001 3528 v.

551 3558 909 3621 (2)1d.35,.v
939 3557 995 3619 23
1026 3557 1108 3618 37
1143 3570 1196 3608 v.
1225 3556 1464 3618 3etffl3
1499 3556 1578 3618 42,
1615 3570 1668 3606 v.
1704 3556 1823 3616 7-8;
1858 3556 2007 3617 4513,
2037 3570 2093 3607 v.
2128 3556 2182 3607 9.

548 3640 614 3701 (3)
651 3641 729 3690 Id.
761 3638 844 3697 35,
879 3653 932 3689 v.
959 3639 984 3687 1
1314 3637 1419 3695 .;7

552 3720 621 3781 (ε)
655 3720 732 3769 ld.
760 3719 843 3780 35,
878 3734 930 3770 v.

550 3799 619 3863 (5)
655 3801 731 3850 Id.
765 3799 845 3858 35.
882 3814 932 3850 v.

550 3880 621 3944 (6)
655 3882 731 3931 Id.
765 3880 848 3944 37,
882 3894 936 3930 v.
972 3882 1049 3928 11.

551 3962 622 4023 (7)
658 3960 812 4011 Wad.
848 3960 939 4024 111,
975 3960 1086 4011 588.

551 4040 621 4103 (8)
654 4041 974 4099 Mommsen,
1019 4039 1173 4089 Rom.
1227 4038 1489 4096 Staatsr„
1532 4039 1735 4101 passim
1779 4038 1866 4099 (de
1899 4037 2148 4101 pluribus
2181 4039 2310 4089 locis
2344 4040 2466 4089 vido
2508 4039 2777 4101 Vici-ech).
2817 4039 2902 4092 CI.

458 4121 682 4185 Ephem.
717 4123 887 4185 eplgr.
925 4121 967 4184 1,
1000 4118 1096 4169 223
1128 4132 1209 4183 sq.

552 4202 621 4263 (9)
657 4202 716 4253 Ρ.
755 4201 820 4252 70
849 4214 932 4265 sq.

552 4283 655 4344 (10)
689 4284 873 4333 Bevus
905 4282 973 4333 de
1006 4281 1315 4345 Philologie,
1351 4279 1524 4330 XXIII
1557 4279 1741 4343 (1899),
1776 4292 1830 4343 p.
1864 4280 1961 4331 254
1992 4293 2118 4345 sqq.

550 4364 654 4426 (11)
687 4363 746 4426 ’1,
789 4378 845 4412 12
885 4363 997 4425 (ubl
1017 4362 1239 4426 quidem
1273 4361 1501 4411 obscura
1531 4362 1799 4425 quaedam
1835 4362 2094 4423 manent),
2115 4365 2246 4419 etc„
2239 4371 2251 4383 ·
2274 4361 2342 4411 cI.
2361 4362 2593 4411 Indicam
2612 4362 2906 4412 verborum

453 4445 795 4498 notabilium.

551 4527 654 4589 (12)
685 4527 816 4576 Vide
848 4526 1081 4575 indicem
1113 4525 1410 4576 verborum
1443 4523 1765 4575 notabilium
1791 4523 1881 4586 (cI.
1914 4536 2131 4588 quoque
2162 4525 2394 4574 verbum
2426 4521 2733 4589 κράτιστος).

551 4607 652 4670 (13)
687 4607 748 4657 Ν.
783 4604 888 4663 24,
934 4618 1012 4655 10.

987 3638 1039 3688 0.

955 3718 1045 3781 603

959 3799 1051 3861 603
