3692 5750
796 561 878 623 80
1902 573 2071 616 rans
2114 573 2161 615 11

796 748 981 832 quod
1052 747 1140 809 ad
1211 766 1353 810 rem
1422 763 1638 828 neque
1709 744 1889 826 quod
1963 743 2048 804 ad
2104 742 2480 804 orationem
2543 742 2837 824 pertinet
2892 741 3248 803 incallidas

797 874 966 916 esse.
1057 851 1257 932 Quod
1344 870 1611 933 quoque
1690 858 1926 912 nostro
1994 870 2061 912 n.
2160 850 2305 912 96
2382 849 2760 910 ostenditur
2854 843 3256 910 brevissima

797 957 920 1023 sed
966 975 1102 1017 non
1148 955 1377 1036 inepta
1435 952 1744 1035 epistula,
1809 953 1884 1015 in
1940 972 2072 1034 qua
2127 971 2395 1035 praeses
2452 971 2846 1033 responsum
2903 956 2998 1016 ita
3055 955 3256 1017 laude

797 1062 1128 1132 obvolvit,
1210 1069 1284 1122 ut
1359 1060 1593 1142 jugum
1680 1079 2032 1121 romanum
2124 1057 2264 1120 fere
2334 1078 2737 1122 evanescere
2816 1061 3129 1124 videatur
3236 1084 3250 1122 z

797 1191 834 1233 «
890 1169 1111 1252 Magis
1161 1168 1373 1239 decet,
1428 1167 1667 1249 inquit,
1727 1165 1900 1229 bene
1952 1165 2127 1228 facta
2175 1165 2440 1228 laudari
2490 1187 2693 1249 quam
2749 1168 3139 1231 confirmari
3188 1190 3249 1244 »‚

795 1277 924 1339 hoc
985 1271 1204 1338 autem
1257 1274 1321 1336 ei
1387 1273 1581 1335 facile
1642 1282 1788 1335 erat
1841 1274 2212 1356 quidquam
2286 1273 2461 1334 male
2533 1273 2781 1336 factum
2834 1274 3042 1338 fuisse
3096 1297 3258 1339 con-

798 1382 1110 1447 tendere!

922 1488 1124 1571 Quod
1175 1489 1262 1551 ad
1341 1488 1512 1550 alias
1579 1484 1968 1568 provincias
2037 1493 2312 1566 spectat,
2396 1485 2568 1547 nihil
2636 1485 2778 1548 fere
2858 1505 3256 1548 commemo-

800 1598 1089 1660 randum
1138 1605 1239 1658 est
1285 1596 1461 1657 inter
1530 1594 1780 1674 scripta
1834 1613 1875 1653 a
1938 1591 2385 1674 praesidibuS‚
2442 1593 2577 1653 nisi
2634 1594 2917 1655 fortasse
2965 1594 3254 1655 edictum

801 1703 1143 1787 quoddam
1197 1702 1403 1785 legati
1458 1700 1804 1772 Thraciae,
1861 1707 1928 1761 et
1978 1699 2311 1781 quidquid
2386 1700 2676 1783 Aegypti
2737 1702 3054 1784 praefecti
3111 1703 3255 1763 sive

801 1812 1129 1895 epistuliS,
1179 1811 1320 1872 sive
1374 1809 1610 1871 edictis
1655 1804 2143 1869 mandaverint.

922 1918 1375 1981 Historiarum
1451 1917 1858 1996 scriptorum
1931 1911 2207 1994 quidem
2280 1921 2459 1974 essct
2528 1933 2609 1974 ex
2684 1912 2902 1975 edicto
2977 1912 3259 1976 Sicinnii

803 2025 988 2088 Clari
1027 2025 1137 2104 (1),
1185 2023 1390 2105 legati
1430 2023 1895 2102 Augustorum
1922 2039 2043 2101 pro
2073 2025 2382 2100 praetore
2411 2018 2483 2080 in
2524 2019 2826 2097 Thracia,
2882 2020 3005 2082 illa
3049 2030 3261 2083 extra-

800 2132 961 2193 here
1008 2150 1180 2213 quae
1222 2130 1310 2191 ad
1351 2128 1650 2209 emporia
1701 2126 1809 2188 vel
1840 2124 2193 2187 condenda
2235 2125 2348 2187 vel
2405 2126 2934 2189 administranda
2971 2131 3261 2210 pertine-

800 2248 975 2301 rent.
1039 2239 1183 2300 Hoc
1241 2236 1480 2298 saltem
1549 2235 1988 2296 observemus
2043 2231 2359 2313 legatum,
2415 2232 2577 2295 dum
2640 2236 2916 2316 exponit
2959 2243 3027 2298 et
3089 2228 3262 2319 quae

801 2346 1037 2408 fecerit
1064 2353 1131 2406 et
1157 2364 1327 2427 quae
1357 2343 1604 2424 cupiat,
1636 2341 2038 2423 gravitatem
2066 2340 2431 2421 quamdam
2460 2350 2796 2404 ostentare
2820 2364 2991 2425 quae
3019 2345 3091 2405 in
3109 2345 3261 2426 ipso

802 2460 870 2514 et
924 2452 1406 2515 sententiarum
1461 2469 1660 2511 cursu
1726 2457 1795 2510 et
1851 2447 2212 2508 verborum
2280 2447 2545 2509 delectu
2604 2459 2906 2531 apparet.
2974 2450 3262 2533 Legatus

803 2561 983 2622 enim
1038 2558 1396 2620 manifesto
1443 2556 1530 2618 ad
1574 2555 1648 2617 id
1696 2555 1917 2616 tendit
1968 2562 2044 2616 ut
2098 2561 2165 2616 et
2218 2553 2607 2636 praesidum
2662 2565 2731 2617 et
2783 2557 2990 2619 totius
3047 2560 3261 2620 nomi-

716 2750 726 2761 ·
803 2669 909 2730 nis
960 2666 1222 2729 romani
1279 2664 1723 2726 reverentiam
1779 2671 1977 2744 atque
2034 2681 2334 2723 amorem
2390 2662 2571 2744 apud
2625 2663 2927 2745 legentes
2980 2675 3255 2749 augeat:

803 2774 963 2836 inde
1033 2772 1152 2835 illa
1203 2771 1411 2834 verba
1456 2790 1590 2852 qua
1663 2770 2001 2832 Romanos
2065 2777 2132 2830 et
2190 2767 2568 2830 decentiam
2623 2770 2743 2850 (9)Ι
2785 2771 2858 2833 in
2938 2773 3261 2834 universo

803 2881 1092 2963 imperio
1150 2889 1213 2942 et
1269 2877 1699 2961 splendorem
1770 2876 1857 2957 (3)
1916 2877 1990 2938 in
2045 2896 2449 2959 unoquoque
2507 2874 2679 2948 sor0,
2741 2884 2808 2939 et
2874 2876 3258 2939 felicitatem

807 2989 985 3072 apud
1067 3006 1301 3049 omnes
1394 2984 1670 3046 colonos
1753 2992 1821 3045 et
1907 2982 2239 3067 subjectos
2315 2985 2399 3062 (4)
2486 2993 2552 3045 et
2639 2985 3121 3066 perennitatem
3188 2986 3262 3047 in

805 3096 1119 3158 omnibus
1171 3092 1489 3176 operibus
1572 3091 1714 3153 suis
1768 3092 1854 3171 (5)
1909 3099 1978 3152 et
2044 3111 2368 3172 quaerere
2443 3101 2511 3154 et
2566 3092 2851 3174 adipisci
2919 3091 3262 3155 Sicinnius

806 3203 1157 3285 significat.
1246 3199 1487 3261 Oratio
1573 3216 1734 3259 vero
1818 3196 2019 3277 hujus
2092 3197 2318 3269 edicti,
2378 3198 2452 3259 in
2512 3198 2707 3258 initio
2776 3199 3263 3260 affectationem

805 3310 1164 3394 quamdam
1219 3306 1496 3390 praebet
1592 3305 1991 3386 saepiusque
2065 3305 2414 3385 paululum
2491 3307 2718 3387 gravis
2774 3315 2919 3367 tum
2993 3313 3266 3388 propter

808 3417 1175 3480 sententias
1255 3413 1491 3495 longas
1566 3421 2247 3493 argumentorumque
2302 3411 2560 3493 plenas,
2639 3420 2781 3474 tum
2862 3412 2948 3473 ob
3024 3433 3133 3474 res
3199 3420 3266 3474 et

806 3523 1014 3587 verba
1093 3520 1553 3584 concludendo
1627 3519 1914 3601 repetita
1991 3518 2381 3580 ostenditur.
2486 3519 2630 3580 Hoc
2719 3540 2880 3582 sane
2971 3519 3262 3582 edictum

806 3649 1003 3693 nemo
1053 3629 1315 3691 dubitet
1369 3628 1532 3710 quin
1584 3645 1742 3688 vere
1799 3625 2064 3686 romani
2114 3626 2248 3686 viri
2306 3627 2413 3687 sit.

926 3737 1149 3819 Magis
1231 3755 1466 3819 graeca
1544 3733 1814 3815 quidem
1891 3740 2047 3793 sunt
2131 3753 2213 3795 ea
2296 3753 2468 3814 quae
2551 3734 2869 3815 Aegyptii
2948 3733 3264 3816 praefecti

807 3845 1044 3906 eodem
1093 3852 1395 3924 tempore
1448 3842 1881 3922 scripserunt.
1939 3839 2106 3901 Cum
2155 3859 2320 3901 vero
2373 3842 2773 3921 praesertim
2828 3841 3047 3903 edicta
3103 3842 3259 3914 sint,

808 3952 927 4012 vix
981 3959 1213 4012 nostra
1267 3948 1470 4011 refert
1524 3947 1608 4009 de
1665 3947 1751 4008 iis
1807 3946 2033 4028 loqui:
2108 3945 2195 4007 ob
2243 3946 2412 4007 hanc
2468 3967 2740 4009 causam
2797 3956 3020 4009 tamen
3066 3948 3265 4009 nobis

808 4057 1091 4140 alicujus
1146 4056 1466 4118 momenti
1519 4073 1665 4116 esse
1723 4061 2010 4135 possunt
2078 4054 2135 4114 si
2200 4054 2500 4115 animum
2572 4053 3008 4115 scribentium
3062 4055 3265 4119 inter-

904 4302 975 4443 ἐξ)
1007 4304 1068 4433 ξ.
1102 4299 1355 4432 121068ζῖ1οε
1395 4380 1713 4445 βουληθέντες
1746 4380 1796 4428 ἐν
1828 4384 1890 4451 τῇ
1926 4377 2051 4451 αὐτῇ
2086 4377 2237 4443 εὐπρε
2265 4377 2275 4441 Ι
2302 4380 2419 4447 πείᾳ
2466 4380 2715 4441 διαμεῖναι
2757 4375 2845 4440 τὴν
2878 4378 3040 4429 αὐτῶν
3070 4378 3079 4442 Ι
3108 4382 3266 4446 ἐπαρ-

812 4466 1072 4604 χείῗέίᾯ.
1111 4542 1321 4593 211-212
1347 4556 1360 4591 :
1391 4541 1454 4591 τὰ
1487 4542 1695 4604 ἐνπόρια
1727 4540 2086 4604 ἐπιφανέστερα
2117 4536 2291 4603 ὑπΙάρ]
2319 4537 2329 4599 Ι
2360 4541 2460 4595 ξαι.
2480 4575 2492 4587 .

900 4625 969 4685 (4)
1002 4624 1067 4674 V.
1107 4622 1314 4674 215-216
1350 4636 1362 4671 :
1400 4621 1663 4687 εὐτυχίαι-ε
1691 4618 1701 4683 Ι
1731 4636 1816 4685 pa.
1836 4654 1881 4668 ..
1932 4632 1991 4667 v.
2026 4618 2228 4669 230-231
2268 4618 2687 4684 εὐδαιμονέστερα
2714 4620 2724 4677 Ι
2751 4622 2906 4669 ταῦτα
2954 4623 3195 4686 ἐμπόρια.
3214 4655 3227 4668 .
3246 4659 3259 4670 .

904 4703 972 4763 (5)
1001 4704 1068 4753 V.
1103 4703 1318 4753 mmm
1348 4717 1361 4752 :
1397 4699 1534 4757 ὅπως
1568 4700 1849 4762 ἐπιμελείας
1876 4717 1962 4748 mv
1991 4700 2003 4759 1
2030 4696 2249 4765 χάνοντα
2278 4699 2347 4755 εἰς
2382 4699 2459 4748 ἀεὶ
2493 4699 2740 4761 διαμένοι.
2758 4732 2804 4749 ..
