3692 5750
1207 554 1295 597 mn
1338 551 1651 597 emona·
1693 553 2091 597 'rrrnnonuu
2798 556 2876 618 97

1393 883 1719 947 CAPUT
1788 884 1909 946 IlI

1437 1076 1524 1118 ΒΕ
1565 1075 1847 1120 cAsmUs

544 1304 747 1385 Quod
818 1307 1107 1388 primum
1168 1307 1253 1369 ad
1324 1309 1711 1369 vocativum
1770 1309 2082 1391 pertinet,
2136 1308 2263 1369 hoc
2317 1316 2577 1369 tantum
2648 1307 2876 1369 obser-

421 1412 719 1476 vandum
762 1422 866 1475 est
905 1414 1082 1475 hunc
1124 1435 1350 1476 casum
1395 1414 1540 1477 sine
1583 1407 1627 1474 ὦ
1671 1416 1991 1477 usitatum
2035 1434 2183 1477 esse
2225 1416 2335 1495 (1),
2382 1414 2563 1496 quod
2602 1414 2879 1495 quidem

425 1539 563 1601 non
636 1521 911 1582 omnino
987 1522 1289 1598 atticum,
1349 1521 1471 1585 sed
1539 1521 1849 1585 crebrum
1908 1530 2030 1594 est,
2127 1522 2521 1602 praesertim
2578 1530 2876 1604 tempore

422 1647 975 1709 graeco-romano
1039 1630 1218 1711 apud
1278 1649 1511 1692 omnes
1554 1630 1933 1712 scriptores.
1996 1629 2273 1700 Rursus,
2335 1630 2535 1711 plane
2597 1648 2877 1710 graecus

426 1744 528 1796 est
594 1735 709 1797 ille
754 1737 1208 1798 nominativus
1270 1736 1611 1820 participii
1673 1757 1823 1798 eum
1881 1737 2185 1809 articulo,
2246 1738 2557 1798 vocativo
2612 1737 2873 1798 cuidam

420 1844 790 1924 apposituS,
845 1863 980 1925 quo
1028 1844 1206 1906 Nero
1263 1845 1477 1907 utitur
1525 1845 1595 1906 in
1650 1854 1882 1907 nostro
1940 1865 2007 1907 n.
2071 1843 2140 1906 8
2194 1846 2301 1924 (α).

541 1950 725 2012 Inter
777 1953 1125 2032 genetivos
1184 1972 1370 2022 vero,
1455 1952 1516 2014 is
1588 1953 1706 2034 qui
1785 1961 2067 2013 vocatur
2138 1951 2484 2033 qualitatis
2561 1951 2874 2014 observa-

423 2067 662 2139 tusque
713 2057 838 2120 fuit
892 2079 930 2120 a
1001 2058 1351 2122 Viereckio
1410 2060 1482 2120 in
1527 2060 1779 2142 prioris
1834 2059 2157 2141 temporis
2199 2059 2414 2120 titulis
2478 2078 2616 2120 non
2671 2058 2876 2140 parti-

423 2165 603 2246 cipio
677 2165 753 2226 ὥν
833 2166 1187 2227 comitatus
1261 2166 1345 2244 (3)
1427 2174 1812 2229 constanter
1878 2174 2159 2250 apparet
2236 2166 2307 2227 in
2377 2167 2646 2237 nostriS‚
2724 2186 2875 2227 eum

423 2272 651 2334 verbis
698 2277 1055 2356 δημαρχικῆς
1100 2273 1363 2342 ἐξουσίας.
1411 2271 1740 2335 Similiter
1781 2273 2135 2354 genetivus
2181 2273 2464 2354 originis
2510 2273 2620 2334 hic
2675 2293 2875 2354 appa-

425 2399 574 2441 rere
630 2379 805 2442 solet
850 2401 998 2442 cum
1060 2379 1290 2442 verbis
1356 2386 1467 2448 υἱός
1538 2389 1606 2442 et
1674 2386 1869 2448 υἱωνός
1924 2380 1997 2441 in
2047 2380 2282 2462 primis
2349 2379 2673 2441 duntaxat
2727 2400 2878 2442 ver·-

425 2486 613 2548 sibus
690 2483 1269 2569 imperatoriarum
1359 2487 1820 2570 epistularum.
1907 2485 2108 2567 Quod
2192 2506 2358 2548 vero
2440 2486 2526 2548 ad
2601 2488 2875 2548 nomina

424 2594 795 2658 incolarum
838 2614 1232 2677 graecorum
1281 2596 1542 2667 attinet,
1594 2594 1978 2675 genetivum
2025 2593 2244 2656 solum
2304 2594 2685 2655 invenimus
2748 2595 2864 2673 (4).

427 2702 528 2765 De
584 2700 829 2784 quibus
885 2701 1402 2784 haudquaquam
1473 2700 1675 2762 nobis
1735 2702 2109 2763 mirandum
2175 2708 2299 2772 est,
2375 2720 2527 2761 cnm
2588 2699 2875 2763 Romani

427 2808 568 2870 illic
639 2827 847 2891 genus
915 2816 982 2869 et
1044 2809 1335 2870 honores
1396 2807 1558 2869 alibi
1630 2808 1835 2870 latine
1911 2809 2157 2891 scripta
2239 2808 2685 2870 transferrent
2762 2818 2877 2871 ant

425 2917 716 3000 quodam
771 2917 972 2979 modo
1025 2918 1466 2986 imitarentur.
1525 2916 1633 2978 hic
1695 2917 1970 2979 nomina
2024 2927 2089 2979 et
2143 2917 2419 2994 stirpem
2466 2917 2875 2978 Graecorum

426 3048 465 3087 a
521 3025 812 3089 decretis
861 3025 1031 3107 ipsis
1078 3023 1266 3086 nullo
1320 3033 1518 3106 pacto
1580 3033 1833 3086 mutata
1897 3023 2259 3086 traherent.
2315 3023 2533 3104 Magis
2601 3024 2875 3105 quidem

426 3134 636 3195 mirus
692 3140 796 3195 est
842 3131 961 3194 ille
1001 3132 1354 3214 genetivus
1407 3151 1541 3212 quo
1588 3140 1894 3211 tempora
1960 3130 2338 3192 indicantur
2395 3151 2409 3190 :
2476 3131 2879 3212 generaliter

425 3239 747 3322 profect0‚
793 3240 966 3301 sieut
1004 3240 1077 3300 in
1114 3239 1349 3300 ceteris
1383 3237 1679 3319 ejusdem
1721 3239 2048 3320 temporis
2090 3246 2152 3299 et
2187 3238 2543 3299 anterioris
2582 3238 2871 3319 scriptiS,

424 3347 774 3427 genetivus
829 3366 981 3407 cum
1026 3347 1522 3427 praepositione
1563 3350 1673 3428 ,πρὸ
1729 3345 1837 3406 hie
1893 3353 2173 3426 apparet
2227 3345 2355 3425 (5);
2413 3344 2660 3406 accidit
2712 3364 2875 3408 vero

424 3461 501 3514 ut
553 3453 738 3515 solus
795 3473 866 3516 se
923 3453 1235 3516 ostendat
1288 3453 1373 3532 (6)
1442 3475 1457 3514 :
1523 3452 1706 3535 quod
1760 3452 1948 3514 nullo
2000 3452 2201 3512 modo
2257 3451 2584 3533 explicari
2629 3460 2871 3533 potest,

425 3562 559 3622 nisi
620 3561 799 3642 qnod
830 3608 847 3625 .
875 3568 993 3621 aut
1070 3581 1188 3642 per
1255 3559 1760 3641 negligentiam,
1832 3567 1947 3620 aut
2014 3567 2288 3641 propter
2370 3557 2876 3620 similitudinem

424 3667 723 3749 genetivi
779 3668 1102 3749 temporis
1159 3666 1567 3749 praepositio
1610 3667 1886 3752 omissa·
1911 3665 2132 3727 fuerit.
2366 3660 2372 3666 ’

517 3902 588 3963 (1)
622 3902 683 3952 Ν.
715 3899 775 3960 8,
807 3917 864 3965 9:
902 3900 1000 3961 14,
1043 3915 1128 3951 ιο.
1176 3901 1250 3950 De
1292 3914 1392 3951 usu
1442 3900 1602 3963 hujus
1644 3901 1877 3951 vocativi
1923 3900 2116 3949 iisdem
2158 3901 2514 3963 temporibus,
2558 3899 2681 3949 vide
2708 3900 2872 3962 Blass,

422 3982 628 4048 §3243
659 3982 728 4032 ei.
758 3982 1014 4032 Jannaris
1042 3981 1072 4045 ς
1103 3982 1242 4033 1253.

518 4064 585 4123 (2)
621 4062 682 4111 V.
709 4062 877 4112 12-13:
909 4060 1100 4121 Πάντες
1120 4066 1192 4113 οἰ.
1212 4099 1223 4110 .
1244 4100 1255 4111 .
1284 4065 1632 4119 κατοικοῦντες
1662 4062 1923 4126 ''En-qva.

521 4145 587 4205 (3)
626 4144 684 4192 Ρ.
723 4142 803 4193 62.

521 4223 588 4285 (4)
623 4224 755 4273 Vide
781 4226 952 4274 totam
982 4223 1341 4287 epistularum
1357 4226 1555 4273 seriem
1575 4225 1642 4273 de
1670 4223 1937 4287 Opramoa
1968 4225 2298 4286 scriptarum
2335 4237 2349 4272 ε
2380 4223 2457 4272 ibi
2486 4235 2703 4285 semper
2724 4230 2872 4286 repe·

423 4305 601 4354 rimus
633 4303 906 4372 Ὀπραμόᾳ
929 4304 1278 4354 Ἀπολλωνίου
1308 4305 1379 4361 δὶς
1401 4306 1490 4354 τοῦ
1528 4303 1834 4355 Καλλιάδου.

520 4384 599 4445 (5)
633 4383 710 4433 De
740 4384 874 4434 vitio
896 4383 1057 4444 hujus
1077 4383 1447 4439 translationis
1465 4396 1570 4433 non
1599 4386 1683 4434 est
1698 4383 1785 4432 hle
1809 4384 1957 4434 locus
1981 4383 2311 4447 disputandi,
2333 4396 2457 4432 cum
2480 4396 2610 4433 usus
2629 4385 2875 4446 tempore

424 4476 870 4527 graeco-romano
892 4465 1118 4513 constet.
1158 4463 1290 4513 Vide
1322 4464 1565 4525 Vlereck,
1595 4477 1647 4527 p.
1677 4463 1756 4513 81.
1801 4463 2055 4514 Libenter
2081 4465 2301 4526 quidem
2338 4464 2718 4513 existimamus
2761 4464 2874 4526 pri·

426 4557 544 4594 mos
580 4544 808 4594 Graecos
847 4545 941 4605 qui
981 4544 1146 4592 latine
1183 4546 1381 4607 scripta
1435 4544 1813 4606 transferrent,
1850 4558 1955 4594 non
1992 4545 2323 4595 intellexisse
2366 4557 2506 4606 quae
2537 4546 2689 4607 origo
2731 4547 2873 4594 esset

424 4626 856 4676 accusativorum
889 4625 982 4687 qul
1016 4625 1245 4674 verbum
1278 4642 1302 4669 «
1325 4629 1449 4675 ante
1473 4644 1496 4671 n
1528 4628 1910 4688 sequerentur.

518 4704 585 4765 (6)
622 4706 683 4756 Ν.
719 4703 824 4766 24,
863 4703 1090 4765 12;25,
1125 4721 1202 4753 11.

2702 4918 2817 4964 71..
