3692 5750
1398 615 1486 658 nn
1527 616 1657 658 usu
1701 615 2096 658 'rrruLomJM
2874 596 2950 679 73

1499 1013 1790 1077 CAPUT
1864 1013 1953 1076 IV

571 1221 660 1263 DE
702 1220 962 1264 TITULIS
1011 1221 1100 1264 AB
1157 1221 1708 1265 IMPERATORIBUS
1753 1221 2040 1264 SCRIP‘ns
2082 1221 2127 1264 A
2174 1200 2585 1264 M.A1JRBL11
2630 1190 2885 1264 AETATlt

1237 1356 1459 1412 usolm
1503 1356 1596 1398 An
1638 1335 2195 1399 CONSTAN‘HNUM.

535 1597 540 1602 ’
613 1598 775 1659 Post
823 1596 1244 1658 Antoninum
1295 1595 1704 1670 defunctum,
1755 1597 1967 1658 mirae
2014 1596 2453 1676 epistularum
2506 1596 2705 1678 hujus
2752 1616 2948 1678 gene-

491 1704 587 1764 ris
644 1704 911 1784 inopiae
968 1702 1393 1790 offendimus.
1457 1700 1758 1784 Vestigia
1826 1701 2100 1784 quidem
2159 1703 2506 1783 complura
2568 1712 2947 1784 supersunt,

492 1818 630 1871 tam
702 1810 943 1871 mutila
1023 1829 1187 1871 vero
1267 1818 1383 1870 aut
1450 1817 1587 1870 tam
1671 1818 2009 1889 corrupta,
2069 1817 2145 1869 ut
2218 1828 2420 1891 saepe
2487 1810 2661 1871 nihil
2731 1810 2815 1871 de
2865 1811 2952 1871 iis

493 1916 722 1998 colligi
762 1916 997 1998 possit.
1059 1916 1350 1977 Maxime
1407 1924 1631 1977 tamen
1688 1917 2049 1996 conspicua
2093 1925 2419 1978 notemus.

615 2022 914 2084 Primum
992 2023 1279 2103 epistula
1362 2022 1693 2102 quaedam
1766 2022 1860 2083 M.
1922 2021 2181 2083 Aurelii
2255 2021 2584 2092 Caesaris,
2661 2023 2951 2084 necdum

495 2128 951 2210 imperatoris,
1015 2131 1229 2210 συνόδῳ
1280 2137 1394 2187 τῶν
1450 2134 1575 2209 πὲρὶ
1630 2134 1726 2188 τὸν
1785 2130 2023 2212 Βρεισέα
2080 2134 2366 2204 Διόνυσον,
2420 2128 2492 2189 id
2545 2137 2646 2190 est
2692 2129 2951 2209 synodo

498 2235 763 2296 cuidam
818 2217 1226 2315 Smyrnaeae
1302 2235 1547 2316 scripta
1623 2236 1734 2314 (1),
1795 2235 1892 2295 sic
1961 2236 2334 2316 composita
2408 2235 2617 2298 fuisse
2661 2236 2948 2314 videtur,

497 2341 574 2404 u‘t
619 2361 698 2402 ex
754 2341 1000 2402 iisdem
1072 2341 1311 2402 scribis
1386 2350 1583 2422 atque
1665 2341 1994 2403 Antonini
2074 2343 2403 2423 epistulae
2476 2343 2641 2408 oriri
2711 2343 2950 2424 possit.

495 2448 785 2530 Tempus
825 2450 1004 2509 enim
1047 2467 1182 2528 quo
1225 2449 1471 2528 scripta
1513 2457 1638 2525 est,
1684 2457 1750 2509 et
1789 2448 1960 2509 illud
2003 2454 2050 2508 εἰ
2081 2456 2172 2509 καὶ
2204 2448 2407 2533 ἑτέρως
2439 2457 2606 2509 τοῦτο
2635 2447 2947 2530 &affl-qm),

496 2555 687 2636 cujus
738 2555 989 2616 similia
1052 2555 1358 2636 exempla
1412 2555 1761 2617 Antonino
1831 2555 2205 2637 imperante
2278 2556 2682 2629 invenimuS‚
2757 2576 2952 2638 argu-

495 2671 720 2725 menta
798 2661 1180 2744 probabilia
1250 2670 1406 2722 sunt
1474 2661 1561 2722 ad
1634 2681 1784 2724 eam
1864 2662 2291 2724 sententiam.
2369 2661 2581 2726 Aliud
2629 2682 2795 2725 vero
2864 2665 2952 2728 de

496 2769 784 2850 epistula
870 2769 1178 2852 Septimii
1261 2768 1496 2831 Severi
1572 2769 1659 2848 (3)
1717 2768 1948 2852 colligi
2017 2777 2279 2852 potest:
2357 2771 2605 2832 etenim
2679 2763 2754 2832 in
2825 2770 2951 2833 hac

497 2878 783 2959 epistula
820 2878 893 2939 in
930 2898 1062 2959 qua
1099 2878 1442 2959 legationi,
1487 2878 1622 2959 ipsi
1678 2878 2076 2959 gratulatae‚
2136 2878 2453 2961 princeps
2509 2880 2764 2960 gratias
2814 2881 2953 2961 agit

497 2994 564 3045 et
659 3005 861 3067 quam
941 2986 1012 3047 in
1093 2983 1371 3047 deorum
1456 2986 1753 3046 sacrario
1829 2985 2329 3048 inscribendam
2409 2994 2477 3048 et
2547 2987 2951 3049 servandam

495 3091 723 3161 mittit,
805 3091 1002 3173 plura
1084 3091 1481 3153 latinitatem
1556 3090 1864 3153 redolent
1939 3108 2138 3173 quam
2208 3098 2283 3151 ut
2351 3109 2585 3172 graece
2657 3094 2952 3174 primum

497 3200 749 3280 scripta
820 3218 968 3260 esse
1022 3200 1279 3281 possit;
1333 3198 1518 3280 quod
1596 3200 1795 3260 etiam
1872 3196 2306 3260 verisimilius
2378 3198 2456 3258 fit
2512 3200 2571 3259 si
2634 3200 2949 3262 mendum

491 3304 926 3366 'translationi
994 3306 1445 3377 tribuendum,
1524 3306 1699 3366 sicut
1778 3306 2074 3387 optimus
2153 3300 2374 3366 editor
2455 3305 2946 3388 Waddington,

495 3409 909 3472 admittimus
962 3413 1071 3492 (4).
1129 3410 1203 3473 Si
1261 3431 1424 3473 vero
1478 3410 1793 3494 Septimii
1847 3411 2083 3473 Severi
2136 3419 2207 3474 et
2270 3409 2654 3475 caracallae
2710 3414 2952 3495 epistu-

494 3515 632 3579 lam
687 3516 770 3579 de
823 3518 1120 3600 sophista
1179 3517 1423 3579 Rufino
1476 3518 1763 3598 legimus
1813 3518 1925 3598 (5),
1998 3518 2125 3578 hoc
2176 3516 2378 3579 nobis
2432 3518 2678 3579 iterum
2745 3534 2950 3577 anno-

495 3630 640 3684 tare
695 3624 851 3685 licet
905 3623 1086 3706 quod
1132 3625 1274 3706 jam
1327 3623 1412 3686 de
1466 3624 1795 3686 Antonini
1853 3623 2158 3706 epistulis
2228 3624 2548 3700 diximus,
2628 3630 2952 3705 quantum

493 3729 836 3811 principes
891 3731 1157 3792 romani
1206 3729 1630 3812 providerint
1679 3750 1765 3792 ne
1821 3731 2109 3812 populos
2161 3728 2295 3792 sibi
2345 3726 2657 3792 subactos
2703 3749 2951 3791 vexare

494 3836 887 3899 viderentur
933 3828 947 3898 ἑ
994 3837 1171 3919 quod
1219 3838 1326 3898 hic
1383 3857 1465 3899 ex
1522 3836 1752 3899 verbis
1804 3841 2156 3899 δικαίοτατον
2203 3839 2289 3917 (6)
2333 3846 2398 3898 et
2426 3838 2491 3898 οὺ
2532 3840 2640 3921 γὰρ
2682 3837 2830 3907 ἄξιον
2862 3837 2949 3917 (7)

496 3944 927 4007 manifestum
983 3955 1103 4009 est.
1166 3944 1268 4007 De
1345 3955 1580 4007 nostro
1653 3966 1720 4008 n.
1815 3945 1956 4011 77
2016 3946 2135 4026 qui
2206 3953 2310 4007 est
2380 3942 2762 4007 Caracallae
2834 3943 2951 4004 tri-

588 4188 662 4247 (1)
696 4188 758 4237 N.
794 4185 906 4237 62.
946 4188 1019 4237 De
1051 4189 1168 4250 ejus
1201 4190 1414 4251 generis
1460 4189 1699 4253 synodis,
1735 4189 1857 4238 vide
1891 4182 2161 4249 Debai-th,
2199 4184 2303 4237 Das
2350 4185 2683 4251 griechiscbe
2725 4186 2949 4236 Verein-

499 4279 695 4330 wesen,
731 4268 1081 4330 peculiariter
1113 4281 1165 4331 p.
1202 4269 1279 4325 5j.
1331 4268 1407 4318 Cl.
1444 4282 1499 4332 p.
1534 4270 1589 4317 11
1626 4271 1682 4325 et
1714 4281 1767 4332 p.
1801 4269 1865 4317 74
1896 4281 1977 4331 sq.

581 4347 659 4409 ,(2)
692 4348 753 4397 V.
788 4348 931 4409 9-10.
1337 4338 1344 4344 ”

593 4427 660 4489 (3)
696 4429 754 4478 Ν.
794 4427 896 4479 68.

589 4508 666 4570 (4)
702 4508 834 4557 Vide
867 4522 918 4558 v.
953 4510 987 4560 9
1017 4512 1073 4559 et
1106 4511 1311 4559 notam.

592 4588 659 4648 (5)
693 4588 757 4638 N.
797 4588 898 4638 72.

590 4667 659 4727 (6)
698 4668 752 4717 V.
789 4670 839 4719 8.

593 4748 663 4809 (7)
694 4748 755 4798 V.
790 4748 840 4801 9.
