3692 5750
1378 1261 1700 1358 PARS
1821 1264 1912 1356 Il

1248 1562 1528 1634 QUO
1584 1563 2040 1631 ANIMO

810 1715 1251 1781 TITULI
1308 1714 1818 1782 SCRIPTI
1877 1715 2482 1783 FUERINT

1309 1939 1430 2017 (De
1477 1959 1593 2001 usu
1634 1940 1993 2018 titulorum)

1422 2584 1896 2641 PROOEMIUM

548 2836 621 2901 Si
695 2837 845 2920 quis
923 2837 1011 2900 ad
1065 2837 1523 2901 Romanorum
1592 2837 1913 2900 historias
1985 2838 2286 2899 animum
2359 2835 2741 2910 intenderit,
2815 2844 2883 2899 et

426 2956 568 3008 tum
649 2947 956 3029 regiones
1006 2944 1119 3007 -ab
1199 2946 1284 3007 iis
1361 2946 1692 3022 subactas,
1779 2946 2303 3027 provinciasque
2380 2953 2658 3016 creataS,
2739 2954 2880 3006 tum

426 3053 621 3115 latini
671 3054 1004 3115 sermonis
1054 3052 1233 3135 apud
1283 3053 1569 3134 populos
1621 3055 1838 3114 victos
1891 3071 2320 3134 progressum
2371 3072 2506 3114 uno
2564 3051 2884 3132 adspectu

427 3159 984 3230 consideraverit,
1060 3158 1187 3220 hoe
1259 3160 1531 3241 quidem
1596 3160 1839 3221 mirum
1923 3159 2339 3221 existimabit
2405 3160 2475 3221 in
2550 3159 2885 3241 plerisque

428 3266 678 3328 finibus
732 3267 1004 3349 imperii
1058 3265 1399 3330 Romanos
1472 3266 1789 3329 omnibus
1861 3286 2048 3328 suam
2102 3265 2398 3348 linguam
2456 3266 2880 3349 imposuisse.

428 3382 632 3456 atque
695 3373 823 3435 hoc
890 3382 1282 3436 consecutos
1338 3393 1483 3435 esse
1537 3383 1613 3434 ut
1665 3393 1840 3435 nunc
1906 3392 2042 3436 non
2099 3373 2299 3434 modo
2368 3373 2586 3435 Italici
2648 3373 2766 3436 sed
2823 3383 2889 3435 et

429 3479 611 3542 Galli
668 3489 737 3543 et
790 3481 1080 3562 Hispani
1131 3489 1199 3543 et
1266 3480 1379 3542 alii
1435 3480 1669 3562 populi
1712 3481 1783 3541 in
1837 3480 2123 3543 dicendo
2173 3481 2358 3562 ipsos
2412 3481 2605 3562 quasi
2651 3500 2888 3563 paren·

429 3597 532 3650 tes
578 3588 927 3665 haberent,
988 3588 1284 3651 Graecos
1338 3606 1502 3649 vero
1561 3596 1627 3650 et
1676 3588 1883 3649 Asiae
1940 3585 2233 3669 'populos
2286 3586 2679 3669 longissime
2736 3597 2889 3669 post

429 3694 845 3758 deditionem
903 3714 1138 3777 graece
1195 3694 1455 3756 locutos
1511 3714 1659 3757 esse
1723 3704 1790 3757 et
1858 3695 2193 3756 victorum
2244 3693 2572 3756 sermonis
2627 3703 2890 3756 tantum

428 3802 718 3884 vestigia
774 3801 1144 3864 admisisse.
1227 3800 1429 3881 Quod
1505 3810 1727 3863 autem
1775 3801 1860 3862 ad
1922 3801 2278 3862 historiam
2333 3808 2401 3862 et
2454 3799 2541 3862 ad
2592 3801 2890 3862 rationes

428 3910 631 3991 hujus
677 3910 778 3971 rei
830 3917 1105 3991 spectat,
1179 3908 1375 3970 multi
1435 3908 1773 3982 dixerunt,
1854 3918 1922 3971 et
1988 3908 2118 3991 ipsi
2180 3916 2335 3990 post
2396 3908 2567 3969 alios
2624 3907 2890 3990 longius

433 4018 878 4080 disseruimus
931 4017 1027 4095 (1)
1080 4036 1280 4098 quam
1331 4023 1405 4076 ut
1456 4036 1635 4077 nunc
1690 4016 1913 4098 prosit
1967 4016 2289 4077 universa
2349 4023 2416 4076 et
2472 4014 2777 4096 exempla
2826 4026 2892 4080 et

434 4100 839 4208 argumenta
900 4132 1223 4205 repetere.
1303 4123 1447 4184 Hoc
1524 4123 1731 4204 igitur
1787 4130 2048 4184 tantum
2114 4122 2318 4184 hodie
2392 4122 2591 4183 nobis
2666 4122 2891 4184 studio

434 4234 579 4308 erit,
661 4231 933 4293 illarum
990 4230 1434 4312 epistularum
1506 4249 1791 4311 quarum
1860 4228 2166 4311 exempla
2234 4228 2668 4310 praebuimus
2741 4250 2892 4291 cum

433 4359 646 4423 genus
701 4348 767 4401 et
840 4338 1160 4410 animum,
1228 4347 1368 4399 tum
1426 4357 1803 4401 sermonem
1873 4337 2300 4418 perscrutari.
2374 4334 2659 4399 Viereck
2732 4358 2892 4399 sane

426 4447 569 4528 jam
640 4454 911 4508 senatus
958 4445 1267 4507 consulta
1364 4444 1819 4526 epistulasque
1887 4444 2182 4526 Augusti
2260 4452 2326 4506 et
2413 4444 2892 4507 nonnullorum

462 4757 472 4768 .
535 4692 603 4751 (1)
638 4691 769 4740 Vide
804 4690 860 4739 L.
918 4688 1221 4749 Laioseade,
1258 4688 1526 4738 Influence
1559 4689 1631 4737 du
1682 4687 1835 4736 Latin
1871 4700 1967 4736 sur
2015 4686 2064 4736 le
2096 4686 2250 4749 Grec,
2283 4689 2424 4750 apud
2466 4688 2600 4738 Jean
2638 4688 2890 4738 Pslcharl.

444 4771 643 4821 Studes
675 4771 744 4821 de
777 4769 1066 4832 Philologle
1098 4769 1487 4831 Neo-Grecque.
