3692 5750
1378 591 1465 633 DE
1509 590 1640 634 usu
1679 589 2077 633 'ru-monum
2834 569 2930 650 =75

459 764 550 826 -in
617 764 830 832 ‚latino
912 782 1223 824 sermone
1317 769 1570 822 tantum
1628 761 1953 842 scriptum
2027 759 2227 822 nobis
2300 769 2641 822 servatum
2712 759 2926 820 suerit.

455 869 832 952 ·Quidquid
886 889 1051 932 vero
1106 869 1330 951 graeci
1404 869 1751 930 inventum
1816 876 1936 939 est,
2005 866 2253 928 latinus
2328 868 2729 948 archetypus
2791 868 2934 927 sive

481 976 697 1054 adest,
780 978 927 1040 sive
1005 976 1217 1052 abest,
1303 976 1501 1037 nobis
1583 976 1876 1037 maximo
1949 984 2052 1036 est
2130 974 2526 1035 documento
2600 973 2682 1035 de
2747 972 2934 1034 illius

459 1085 831 1168 ·temporiS,
921 1083 1099 1165 apud
1176 1090 1582 1145 mercatores
1648 1083 2126 1165 operariosque
2211 1080 2558 1142 vocabulis
2640 1081 2929 1142 usitatis,

463 1191 702 1254 .Multa
777 1190 1082 1273 profecto
1160 1188 1272 1250 hic
1342 1190 1623 1251 uomina
1688 1209 1849 1251 vere
1928 1209 2165 1271 graeca
2249 1196 2444 1258 sunt;
2527 1188 2660 1250 alia
2745 1208 2931 1259 vero,

460 1300 794 1382 ,quamvis
876 1297 1124 1360 litteris
1215 1297 1471 1377 graecis
1548 1297 1800 1379 scripta
1821 1345 1837 1369 ,
1925 1298 2022 1358 ita
2102 1296 2188 1357 ad
2270 1296 2632 1357 *latinorum
2713 1295 2932 1356 nomi-

463 1426 650 1470 .num
729 1404 1080 1488 exemplar
1162 1422 1480 1485 expressa
1575 1413 1751 1480 sunt,
1829 1413 1903 1466 ut
1982 1404 2097 1465 vix
2174 1423 2483 1485 graecum
2559 1422 2938 1465 sermonem

487 1533 845 1595 agnoscere
919 1532 1265 1594 queamus
1344 1515 1490 1576 Imo
1551 1536 1566 1575 ε
1625 1533 1760 1573 non
1818 1520 1917 1572 est
1994 1510 2273 1572 dubium
2336 1512 2504 1592 quin
2572 1511 2937 1592 aliquando

486 1619 854 1683 translator
901 1619 1088 1680 illius
1161 1622 1356 1683 verbi
1412 1640 1682 1683 sensum
1752 1620 2167 1700 ignoraverit
2216 1617 2396 1701 quod
2458 1620 2519 1681 ei
2576 1619 2937 1681 transferre

485 1729 558 1789 in
608 1729 832 1790 animo
877 1701 1068 1789 ‘esset
1122 1729 1231 1807 (1).
1291 1726 1641 1809 Quidquid
1688 1726 1760 1787 id
1815 1735 1938 1796 est,
1998 1746 2074 1787 ea
2130 1726 2432 1808 vulgaris
2489 1725 2942 1788 Romanorum

491 1835 827 1897 sermonis
905 1833 1116 1896 verba
1183 1835 1255 1895 in
1336 1853 1646 1917 graecum
1715 1849 2039 1895 conversa
2114 1842 2180 1895 et
2259 1835 2332 1894 in
2409 1833 2630 1915 lapide
2702 1834 2939 1907 incisa,

489 1943 766 2005 maximi
824 1943 1150 2004 momenti
1215 1950 1410 2004 erant
1466 1940 1551 2003 ad
1624 1940 1822 2002 latini
1876 1941 2208 2002 sermonis
2263 1941 2535 2002 nomina
2590 1942 2663 2002 in
2737 1941 2943 2004 Grae-

490 2069 721 2111 corum
776 2049 1073 2131 linguam
1125 2048 1627 2120 introferenda3
1706 2067 1788 2109 ex
1872 2049 1959 2109 iis
2015 2048 2223 2128 igitur
2293 2057 2574 2130 apparet
2649 2057 2716 2110 et
2791 2069 2946 2130 qua-

489 2164 686 2219 tenus
762 2175 1084 2218 romanus
1158 2175 1380 2217 sermo
1439 2165 1676 2238 sponte
1737 2175 1860 2217 sua
1936 2154 2313 2217 intenderet
2384 2164 2459 2216 ut
2530 2176 2674 2218 sese
2747 2156 2945 2217 victis

489 2264 891 2347 imponeret,
963 2272 1031 2325 et
1080 2263 1420 2344 quomodo
1502 2265 1674 2325 circa
1746 2263 1869 2326 300
1941 2264 2025 2325 A.
2104 2262 2190 2324 D.
2266 2263 2591 2344 quaedam
2673 2261 2944 2325 illorum

493 2370 981 2434 vocabulorum
1034 2371 1396 2432 latinorum
1453 2370 1777 2454 obrepere
1834 2371 2129 2433 solerent
2178 2389 2348 2451 quae
2399 2372 2601 2433 etiam
2646 2391 2822 2433 nunc
2873 2373 2947 2433 in

469 2498 735 2560 “graeco
807 2462 1114 2540 sermone
1167 2479 1799 2542 animadvertuntur
1847 2478 1958 2559 (2).
2030 2477 2197 2540 Inde
2268 2498 2435 2541 vero
2484 2479 2686 2544 etiam
2736 2479 2947 2559 magis

492 2586 619 2648 hoc
701 2584 1023 2668 colligere
1107 2586 1283 2658 licet,
1371 2588 1554 2669 quod
1633 2607 1770 2653 non
1862 2587 2065 2647 semel
2145 2587 2551 2658 notavimuS,
2644 2586 2947 2647 nondum

494 2693 700 2768 latina
784 2692 1016 2765 verba,
1097 2692 1327 2755 latinis
1410 2694 1650 2756 litteris
1729 2695 1996 2776 scripta,
2072 2694 2250 2776 apud
2330 2713 2605 2776 graecos
2660 2692 2946 2775 populos

495 2799 801 2883 intellegi
855 2819 1076 2883 posse.
1136 2773 1447 2862 Edictum
1497 2820 1662 2864 vero
1711 2801 2090 2864 Constantii
2147 2799 2381 2864 Chlori
2440 2810 2506 2862 et
2550 2801 2946 2862 Maximiani

495 2906 580 2970 de
631 2926 710 2969 ea
781 2889 1211 2969 annotatione
1284 2928 1457 2990 quae
1523 2913 1982 2991 παρασημείωσις
2058 2918 2362 2983 vocatur,
2412 2908 2486 2969 id
2533 2917 2636 2970 est
2692 2930 2722 2968 «
2773 2928 2945 2990 quae

495 3013 715 3076 locum
774 3014 1019 3076 habeat
1071 3015 1144 3077 in
1198 3015 1334 3077 reis
1389 3015 1833 3096 requirendi5‚
1892 3036 2178 3097 quorum
2242 3016 2443 3091 bona,
2501 3016 2631 3077 nisi
2686 3017 2947 3097 copiam

496 3122 599 3184 sui
652 3122 1132 3204 praestiterint,
1209 3123 1374 3184 fiseo
1441 3122 1872 3185 vindicentur
1940 3144 1975 3184 »
2045 3123 2132 3203 (3)
2204 3123 2458 3205 aliquid
2523 3143 2648 3184 nos
2711 3107 2947 3184 docere

496 3236 716 3311 potest
790 3229 874 3290 de
956 3228 1225 3311 publico
1305 3228 1605 3309 ejusdem
1687 3231 2010 3311 temporis
2087 3250 2324 3312 graeco
2407 3250 2749 3303 sermone;
2839 3230 2948 3290 hic

497 3355 787 3418 quoque,
850 3337 1019 3397 sicut
1079 3337 1153 3398 in
1209 3336 1513 3418 priorum
1588 3337 2073 3418 imperatorum
2138 3338 2464 3418 epistulis,
2542 3341 2951 3422 φιλανθρωπίας

496 3442 987 3506 affectationem
1058 3444 1487 3524 agnoscimus
1558 3444 1673 3521 (4),
1750 3463 2134 3525 quanquam
2213 3444 2452 3505 modus
2515 3445 2952 3525 imperativus

498 3549 877 3622 adhibetur,
938 3557 1005 3611 et
1057 3569 1311 3630 poenae
1366 3550 1439 3611 in
1495 3550 1630 3611 fine
1682 3558 2170 3632 proponuntur.

619 3656 691 3719 Si
749 3657 956 3739 igitur
1012 3656 1332 3739 colligere
1380 3656 1639 3738 aliquid
1693 3656 2008 3719 volumus
2063 3657 2147 3719 de
2202 3658 2328 3719 hoc
2383 3658 2584 3720 tertio
2657 3658 2947 3729 saeculo,

498 3783 737 3846 parum
795 3762 1068 3845 quidem
1120 3763 1558 3845 epistularum
1616 3764 1960 3845 locupleti,
2016 3764 2135 3826 sed
2185 3766 2442 3846 aliquot
2495 3765 2732 3827 edictis
2801 3786 2953 3847 pro-

501 3870 820 3953 mulgatis
900 3870 1107 3943 claro,
1181 3870 1533 3932 admittere
1619 3890 1979 3952 possumus
2047 3879 2189 3932 tum
2261 3890 2528 3953 quoque
2611 3873 2952 3954 principes

600 4087 669 4149 (1)
704 4085 837 4136 Vide
858 4086 940 4147 24,
974 4086 1036 4136 13
1067 4088 1184 4149 ejus
1216 4087 1399 4146 edicti,
1444 4087 1669 4136 verbum
1700 4100 1727 4135 (ι
1757 4086 2017 4137 iniectum
2054 4101 2081 4135 i>
2113 4089 2255 4150 quod
2291 4089 2374 4137 bic
2411 4103 2436 4137 α
2471 4089 2703 4139 tinctum
2737 4104 2762 4137 »
2783 4091 2952 4148 signi-

501 4166 642 4220 ficat.
680 4167 845 4216 verbo
877 4168 1115 4232 ἀγένητος
1149 4166 1476 4216 translatum
1506 4178 1642 4227 esse,
1676 4168 1832 4229 cujus
1865 4181 2056 4217 sensus
2089 4170 2173 4217 est
2207 4184 2231 4213 «
2269 4180 2372 4217 non
2408 4168 2612 4217 iactum
2648 4186 2697 4216 ».

595 4245 674 4310 (2)
710 4247 822 4296 Non
855 4247 1093 4310 pertinet
1124 4247 1192 4295 ad
1226 4259 1324 4295 nos
1355 4247 1422 4295 iia
1473 4247 1716 4311 vestigiis
1748 4247 1987 4301 studere.
2021 4247 2155 4297 Rem
2199 4249 2399 4306 tamen,
2419 4261 2731 4311 quanquam
2758 4264 2951 4313 parum

501 4328 558 4376 in
621 4340 684 4377 ea
739 4327 1190 4390 intellegebamus
1238 4339 1364 4377 cum
1416 4327 1619 4377 auxilio
1675 4328 1879 4391 optimo
1914 4328 2171 4377 Psicbarii
2226 4330 2541 4378 summatim
2584 4331 2869 4391 attigimus
2898 4333 2953 4380 in

501 4409 684 4457 nostra
718 4407 1099 4458 dissertatione
1130 4420 1182 4470 p.
1219 4408 1304 4457 141
1342 4419 1423 4469 sq.
1458 4407 1535 4457 Ci.
1571 4407 1811 4470 alioquin
1875 4407 2264 4470 praefationem
2309 4409 2550 4470 eiusdem
2595 4412 2846 4471 magistri
2881 4410 2953 4460 111

503 4501 557 4551 p.
588 4487 703 4538 xm
735 4500 818 4551 sq.
854 4488 929 4539 De
978 4489 1110 4551 ipsis
1142 4488 1304 4537 edicti
1353 4487 1665 4537 Diocletiani
1718 4489 1901 4537 verbis
1966 4489 2089 4538 vide
2122 4491 2299 4539 totum
2350 4490 2622 4540 editorum
2672 4505 2954 4541 commen-

502 4569 727 4618 tarium.

598 4648 670 4709 (3)
705 4647 829 4711 ciG,
861 4647 957 4699 ³56
988 4648 1119 4698 Vide
1154 4651 1401 4698 nostrum
1436 4660 1489 4697 n.
1537 4646 1643 4699 84.

599 4728 669 4790 (t)
703 4728 834 4778 Vide
867 4742 917 4778 v.
948 4727 1028 4777 21.
