3692 5750
760 550 837 611 62
1851 564 2020 607 rans
2063 565 2112 606 11

758 739 1274 821 magistratuum
1344 734 1609 819 collegit
1683 743 1751 797 et
1826 735 2077 819 optime
2147 735 2538 816 explanavit
2601 735 2717 816 (1).
2770 734 2985 797 Nobis
3051 756 3211 798 vero

759 847 887 909 hoc
939 852 1197 907 tantum
1245 851 1509 925 tempus
1555 850 1828 924 tangere
1882 843 1957 904 in
2024 842 2253 903 animo
2310 842 2437 903 fuit
2492 842 2696 923 quod,
2753 841 2889 904 fere
2942 851 3211 905 senatus

758 951 1214 1014 consultorum
1311 950 1531 1031 inopS,
1588 947 1875 1011 Viereck
1978 949 2256 1031 aggredi
2347 948 2588 1024 noluit,
2676 949 2744 1010 id
2842 959 2943 1011 est
3025 950 3207 1032 quod

759 1060 1066 1141 sequitur
1118 1057 1404 1139 Augusti
1480 1056 1929 1139 principatum
1985 1058 2102 1135 (η).
2178 1055 2607 1120 Constantini
2653 1056 2962 1140 alioquin
3033 1065 3208 1118 aeta-

757 1176 894 1229 tem
951 1185 1091 1227 non
1139 1164 1271 1246 ipsi
1327 1163 1792 1253 aggrediamur
1818 1183 1953 1245 qua
2000 1161 2623 1246 Constantinopolis
2669 1163 2961 1237 condita,
3012 1165 3204 1246 quasi

757 1292 1013 1335 novum
1061 1271 1324 1354 imperii
1383 1271 1645 1332 romani
1686 1278 1907 1352 caput,
1959 1271 2280 1351 majorem
2327 1269 2539 1333 latino
2592 1271 2888 1333 sermoni
2935 1271 3208 1333 faculta-

759 1390 892 1442 tem
947 1360 1138 1442 dedit
1195 1398 1343 1441 sese
1392 1379 1463 1440 in
1524 1378 1936 1440 Graecorum
1998 1396 2376 1439 sermonem
2452 1378 2917 1455 immiscendi;
2961 1380 3207 1461 quippe

755 1487 874 1570 qui
931 1482 1008 1548 et‘
1048 1485 1665 1568 splendidissimam
1722 1493 1789 1546 et
1843 1484 2118 1549 omnino
2174 1482 2457 1546 latinam
2513 1485 2738 1547 aulam
2782 1483 3086 1567 Byzantii
3136 1487 3206 1548 in

756 1593 925 1655 urbe
995 1593 1253 1655 Graeca
1327 1592 1647 1673 deinceps
1712 1592 2087 1672 reperirent
2151 1599 2352 1674 atque
2428 1591 2682 1654 idcirco
2734 1592 2936 1674 paulo
2999 1593 3212 1674 magis

756 1709 826 1763 et
879 1701 1203 1785 romanis·
1236 1698 1832 1762 consuetudinibus
1889 1706 1957 1760 et
2010 1698 2221 1759 latino
2279 1718 2588 1761 sermone
2665 1719 2746 1761 ex
2820 1699 3212 1762 necessitate

755 1807 947 1870 usuri
992 1815 1238 1869 essent.

879 1914 1079 1996 Quod
1149 1914 1445 1997 profecto
1520 1913 1607 1975 ad
1675 1921 1936 1994 tempus
2009 1921 2265 1993 spectat
2344 1914 2453 1975 cui
2535 1914 3007 1985 incumbimus,
3085 1915 3210 1975 hoc

759 2022 1194 2084 manifestum
1263 2023 1572 2104 cuiquam
1652 2019 1998 2108 videbitur
2068 2019 2301 2082 titulos
2376 2030 2492 2083 aut
2545 2041 2584 2081 a
2649 2020 2972 2083 Romanis
3044 2021 3210 2083 viris

762 2130 1048 2211 scriptos
1099 2137 1216 2190 aut
1263 2147 1299 2188 e
1353 2127 1650 2189 romanis
1706 2126 2088 2207 archetypis
2159 2126 2525 2189 translatos
2581 2147 2778 2211 saepe
2845 2137 2913 2189 et
2965 2126 3202 2191 Roma-

760 2256 924 2299 num
979 2236 1317 2297 hominem
1388 2241 1456 2296 et
1523 2233 1810 2295 latinum
1866 2252 2240 2297 sermonem
2295 2234 2601 2297 redolere
2652 2234 2768 2315 (3).
2831 2235 3037 2317 Cujus
3106 2235 3207 2296 rei

761 2343 971 2406 multa
1018 2341 1324 2425 exempla
1370 2341 1442 2402 in
1492 2341 1615 2402 hac
1667 2339 1963 2402 secunda
2024 2347 2091 2402 et
2140 2341 2211 2402 in
2265 2341 2466 2402 tertia
2519 2351 2710 2424 parte
2766 2351 2997 2404 nostra
3052 2343 3206 2403 ass'e-

757 2471 1001 2513 remuS.
1086 2449 1229 2511 Hoc
1308 2467 1541 2510 rursus
1617 2448 1691 2508 in
1740 2456 2023 2529 utraque
2095 2455 2286 2528 parte
2367 2448 2858 2530 inspiciendum
2933 2450 3058 2512 erit
3124 2469 3210 2512 an

761 2556 1049 2619 Romani
1098 2556 1238 2617 sive
1285 2575 1436 2616 cum
1481 2554 1569 2616 ad
1619 2553 2051 2617 scribendum
2097 2555 2487 2635 cogitarent,
2539 2555 2686 2618 sive
2728 2576 2878 2618 cum
2927 2557 3211 2641 cogitata

760 2664 1130 2727 scriberent
1182 2681 1328 2725 sese
1400 2662 1617 2744 magis
1680 2681 1959 2744 graecos
2028 2660 2457 2723 ostenderent
2510 2682 2711 2745 quam
2777 2664 3089 2746 antiquos
3143 2672 3211 2725 et

759 2770 1174 2834 indubitatos
1225 2769 1538 2832 dominos
1591 2769 1881 2841 deceret,
1931 2776 1997 2830 et
2064 2768 2327 2830 romani
2390 2779 2530 2831 tum
2583 2771 2814 2843 animi,
2875 2780 3015 2832 tum
3074 2791 3209 2833 ser-

756 2869 979 2941 monis
1030 2897 1384 2961 processus
1434 2876 1682 2939 lentioi·
1730 2878 2061 2939 exstiterit
2120 2896 2322 2960 quam
2382 2897 2509 2940 nos
2558 2887 2910 2961 expectare
2951 2881 3208 2962 justum

760 2987 867 3048 sit.

853 3233 920 3292 (1)
956 3232 1149 3281 Sermo
1179 3230 1434 3280 Graecus.

851 3312 921 3372 ‹2›
953 3312 1029 3361 Ne
1065 3315 1478 3361 monumentum
1517 3312 1865 3374 Ancyranum
1918 3312 2159 3374 quidem,
2192 3311 2392 3361 Tiberii
2442 3314 2621 3362 aetate
2665 3314 2917 3375 quamvis
2949 3316 3210 3377 scriptum

755 3393 1107 3456 attingemus,
1159 3404 1282 3440 cum
1330 3392 1554 3441 viereck
1604 3392 1670 3441 de
1727 3393 1825 3441 hoc
1878 3393 2039 3443 tituio
2089 3405 2303 3455 quoque
2363 3393 2573 3456 aliquas
2630 3395 2853 3456 paginas
2914 3397 2985 3457 (p.
3048 3394 3211 3456 85-88)

758 3473 1055 3535 scripserit.
1088 3475 1254 3534 atque
1282 3472 1369 3522 hic
1402 3472 1511 3521 iliic
1545 3473 1885 3523 disseruerit.

850 3551 919 3612 (3)
952 3552 1097 3612 Quod
1132 3553 1187 3601 in
1221 3553 1470 3616 epistulis
1503 3554 1681 3602 omnis
1717 3555 1980 3617 temporis
2013 3558 2274 3617 apparet3
2330 3555 2451 3604 vide
2503 3553 2749 3612 Foucart,
2797 3555 2888 3604 Sc.
2918 3556 2986 3605 de
3018 3556 3209 3605 Thisbe

758 3646 811 3696 p.
843 3632 971 3694 325;
1007 3632 1085 3683 cf.
1121 3632 1365 3692 viereck,
1401 3647 1455 3696 p.
1488 3633 1567 3684 75.
