3692 5750
1304 612 1394 656 nu
1434 611 1567 657 usu
1610 610 2004 655 ‘na-umam«
2786 592 2864 672 (η

1423 997 1721 1063 CAPUT
1790 998 1856 1060 11

411 1179 501 1222 ns
542 1178 832 1223 sciurus
873 1180 1391 1233 muna-rosum,
1451 1179 1541 1224 Aa
1591 1160 1925 1224 Ausus-ro
1985 1178 2210 1236 usqua
2250 1179 2346 1223 An
2407 1161 2859 1222 Hananmtm.

444 1460 453 1467 ·
533 1428 637 1491 De
692 1416 1001 1512 epistulis
1053 1430 1343 1510 Augusti
1397 1429 1807 1511 paucissima
1868 1426 2188 1490 dicemus.
2249 1429 2512 1491 Etenim
2583 1426 2862 1490 Viereck

412 1554 531 1598 eas
586 1536 833 1619 optime
884 1537 1315 1619 transcripsit
1357 1544 1426 1599 et
1473 1536 1853 1618 judicavit:
1887 1555 2105 1617 neque
2161 1535 2528 1618 quidquam
2581 1534 2888 1618 alicujus·

407 1642 611 1726 pretii
682 1643 768 1705 iis
842 1643 1062 1706 titulis
1140 1644 1592 1725 adjiciendum
1664 1652 1976 1726 putamus
2025 1662 2196 1725 quos
2277 1643 2348 1704 in
2429 1663 2466 1704 «
2541 1642 2865 1705 Sermone

413 1748 673 1812 Graeco
732 1769 765 1811 ι)
822 1770 945 1812 suo
1001 1768 1260 1813 summa
1344 1750 1694 1833 diligentia
1777 1751 2069 1813 excussit
2143 1770 2159 1811 ε
2225 1750 2330 1811 in.
2385 1750 2490 1811 his
2563 1748 2888 1832 epistulis·

411 1856 910 1939 elegantissime
961 1860 1251 1942 scriptis,
1300 1868 1531 1941 utpo‘te
1587 1880 1625 1920 a
1692 1858 1994 1920 romanis
2070 1857 2477 1929 hominibu5‚
2554 1858 2866 1940 princeps

410 1983 560 2026 eam
643 1964 886 2047 agendi
971 1950 1304 2028 rationem
1377 1967 1517 2048 jam
1591 1966 1928 2041 observat,
2016 1984 2148 2047 qua
2230 1982 2646 2026 successores
2722 1963 2865 2046 ejus

410 2078 704 2133 utentur.
765 2071 894 2134 Hic
946 2073 1033 2152 (1)
1088 2073 1181 2135 ita
1236 2073 1557 2154 legationi
1627 2071 1995 2156 respondet
2060 2090 2230 2153 quae
2300 2071 2381 2134 de
2458 2071 2865 2134 devastatio-

409 2176 613 2241 nibus
690 2178 1094 2259 quibusdam
1170 2188 1405 2262 questa
1483 2188 1650 2252 erat,
1737 2189 1812 2241 ut
1891 2179 2188 2241 maxima
2242 2177 2731 2240 commiseratio
2792 2178 2865 2239 in

408 2285 699 2368 epistula
754 2286 898 2367 ejus
949 2296 1311 2368 appareat3
1375 2286 1514 2348 illic
1575 2289 1661 2368 (α)
1717 2286 2151 2368 Mitylenaeis
2207 2286 2302 2347 ita
2357 2284 2440 2347 de
2493 2266 2866 2347 honoribus

408 2390 696 2454 decretis
768 2394 1030 2474 gratias
1102 2395 1257 2475 agit,
1335 2403 1409 2457 ut
1475 2395 1771 2456 maxima
1838 2392 2316 2457 benevolentia
2380 2394 2481 2454 uti
2555 2411 2706 2453 cum
2782 2392 2866 2453 iis

409 2484 764 2573 vid'eatun
802 2499 1147 2582 denique,
1219 2500 1294 2563 in
1371 2501 1506 2563 alia
1581 2501 1873 2563 maxime
1952 2501 2309 2583 conspicua
2388 2498 2674 2581 epistula
2715 2497 2861 2578 -(3)‚

409 2605 726 2687 princeps
780 2607 1079 2670 ostendit
1126 2627 1197 2669 se
1248 2608 1746 2670 accuratissime
1800 2607 1904 2670 rei
1961 2606 2225 2669 cuidam
2277 2604 2527 2668 forensi
2568 2605 2865 2667 animum

410 2712 691 2775 dedisse.
738 2734 753 2775 :
810 2715 907 2775 sic
957 2732 1122 2775 vero
1170 2714 1257 2776 ad
1303 2714 1583 2778 Cnidios
1634 2714 1955 2797 loquitur,
2014 2722 2091 2776 ut
2154 2712 2385 2786 verba,
2459 2732 2672 2795 aequa
2720 2712 2865 2794 qui·

409 2818 563 2882 dem
620 2840 696 2883 ac
750 2820 1116 2895 moderata,
1168 2841 1400 2905 parum
1450 2841 1611 2884 vero
1679 2829 1870 2905 grata
1924 2819 2241 2906 proferat,
2319 2839 2442 2884 nec
2497 2819 2865 2904 quidquam

408 2927 495 2989 de
548 2927 873 3010 dignitate
930 2937 996 2991 et
1017 2921 1335 2991 'firmitate
1389 2923 1825 3012 imperatoria
1870 2929 2157 2993 deserat.

438 3038 446 3044 “
532 3034 612 3095 In
654 3034 969 3116 epistulis
1012 3054 1278 3118 quoque
1324 3035 1578 3098 Tiberii
1620 3044 1690 3098 et
1735 3036 2080 3118 Caligulae
2122 3037 2214 3116 (n.
2272 3036 2338 3099 5
2393 3044 2460 3098 et
2502 3037 2620 3115 6),
2651 3034 2864 3096 mani-

406 3138 773 3203 festissima
829 3142 1165 3204 comitatis
1216 3142 1468 3205 indicia
1513 3142 1923 3215 invenimus,
1980 3163 2130 3204 cum
2186 3144 2257 3204 in
2305 3142 2520 3204 altera
2561 3141 2866 3203 Tiberius

410 3244 586 3309 Coos
633 3247 865 3310 laudet
916 3249 1003 3328 (4)
1051 3256 1132 3311 et·
1164 3267 1239 3312 se
1287 3249 1491 3312 etiam
1534 3257 1729 3311 antea
1772 3268 1932 3330 erga
1980 3268 2097 3311 eos
2150 3247 2331 3311 bono
2386 3249 2611 3310 animo
2658 3246 2866 3311 fuisse

411 3353 703 3416 declaret
753 3356 864 3435 (5),
920 3356 992 3417 in
1038 3354 1274 3432 altera,
1327 3356 1536 3420 Gaius
1576 3364 1897 3438 agnoscat
1941 3356 2226 3438 populos
2268 3356 2354 3417 ad
2414 3374 2588 3438 quos
2629 3353 2868 3417 scribit

410 3460 667 3524 nullam
719 3461 1038 3544 ὑπερὸολὴν
1095 3462 1165 3524 in
1212 3463 1658 3545 significando
1715 3462 1938 3525 studio
2003 3483 2078 3524 ac
2101 3479 2106 3484 ·
2126 3464 2375 3545 pietate
2429 3481 2590 3545 erga
2643 3462 2865 3544 ipsum

410 3568 721 3631 omisisse
786 3568 900 3648 (6),
976 3587 1225 3651 eosque
1292 3569 1599 3632 hortetur
1672 3579 1744 3632 ut
1818 3569 2198 3653 sumptibus
2268 3568 2586 3652 deinceps
2650 3569 2866 3651 magis

413 3684 695 3757 parcant
752 3678 862 3756 (7).

528 3781 632 3844 De
676 3783 787 3845 his
835 3784 1142 3866 epistulis
1190 3793 1414 3868 potest
1469 3771 1703 3868 quaeri
1741 3795 1967 3848 utrum
2014 3807 2056 3848 a
2099 3785 2527 3867 principibus
2569 3786 2738 3868 ipsis
2775 3806 2865 3848 an

411 3908 454 3949 a
528 3888 773 3950 scribis
841 3890 1243 3972 quibusdam
1319 3892 1730 3974 compositae
1803 3891 2094 3966 fuerint;
2174 3911 2393 3974 neque
2479 3892 2618 3955 ulla
2690 3891 2863 3954 ratio

410 3993 654 4057 idonea
710 3996 936 4059 afferri
1002 4006 1220 4080 potest
1277 4018 1397 4060 cur
1442 4000 1883 4081 imperatores
1937 3999 2071 4082 ipsi
2125 3999 2459 4068 calamum
2522 3998 2606 4063 de
2660 3999 2863 4062 rebus

416 4109 553 4163 tam
604 4104 801 4184 parvi
857 4106 1183 4167 momenti
1231 4106 1663 4188 sumpserint6
1724 4105 1929 4186 Quod
1974 4126 2136 4168 vero
2193 4106 2275 4168 de
2329 4106 2594 4168 Nerone
2644 4107 2864 4188 agitur

509 4302 577 4362 (1)
609 4301 670 4351 Ν.
705 4300 739 4352 1
774 4301 1017 4360 (Vtereck
1053 4316 1105 4352 n.
1141 4303 1249 4364 vl).

507 4382 573 4438 (2)
610 4381 670 4430 N.
706 4382 748 4431 4
782 4382 1025 4443 (viereck
1059 4396 1113 4433 n.
1147 4384 1334 4444 xxm,
1369 4386 1663 4445 Addenda).

506 4460 578 4522 (3)
611 4461 671 4511 N.
707 4459 747 4511 3
780 4462 1046 4525 (Vtereck,
1083 4477 1137 4514 n.
1177 4465 1288 4522 ΙΧ).

506 4543 577 4601 (ὁ)
603 4541 665 4591 V.
689 4542 723 4592 9
751 4557 764 4592 ε
796 4542 1023 4608 ivi-auehi».

505 4621 578 4683 (5)
611 4621 671 4672 V.
704 4621 800 4672 10:
832 4621 1189 4687 δι1εκ(ε)ίμη(ν)
1226 4625 1279 4675 δὲ
1305 4627 1392 4675 καὶ
1418 4629 1683 4692 πρότερον.
1703 4663 1714 4673 .

504 4701 579 4774 (6)
609 4701 671 4751 V.
703 4701 789 4753 ὅ.

505 4782 579 4844 (7)
610 4782 671 4832 V.
704 4781 789 4835 33.
