3692 5750
1244 1238 2225 1392 PROOEMIUM

648 1977 833 2043 Fere
886 1976 1181 2063 quidem
1248 1998 1440 2043 nova
1505 1986 1615 2044 est
1671 1998 1755 2042 ea
1808 1997 1926 2041 res
1994 1996 2211 2063 quam
2273 1975 2654 2063 paululum
2706 1977 2783 2042 in
2835 1975 2974 2042 hoc

515 2092 769 2159 libello
840 2091 1188 2177 attingere
1274 2092 1633 2158 volumus,
1706 2072 1994 2158 Etenim
2039 2100 2119 2157 ut
2187 2090 2393 2156 multi
2452 2092 2600 2176 jam
2683 2090 2973 2158 scrutati

517 2217 686 2275 sunt
755 2216 1109 2295 quantum
1174 2228 1508 2294 graecum
1572 2206 1943 2293 ingenium
2017 2206 2094 2273 in
2158 2206 2433 2272 litteras
2499 2228 2836 2274 romanas
2905 2216 2978 2272 et

515 2325 592 2389 in
668 2322 908 2411 ipsum
981 2344 1393 2391 sermonem
1464 2322 1770 2391 latinum
1844 2345 1921 2391 se
1997 2323 2486 2400 immiscuerit,
2541 2324 2638 2389 ita
2697 2322 2973 2413 paucis-

517 2439 679 2506 simi
741 2450 814 2507 et
878 2449 1161 2506 tantum
1238 2448 1565 2506 recentes
1630 2439 2073 2525 grammatici
2167 2439 2255 2506 iis
2320 2440 2675 2507 sermonis
2742 2440 2977 2526 graeci

517 2555 897 2623 sententiis
959 2576 1041 2621 ac
1096 2554 1337 2621 verbis
1384 2576 1681 2644 operam
1741 2556 2100 2622 dederunt
2152 2577 2338 2644 quae
2394 2576 2522 2623 seu
2581 2578 2622 2622 a
2685 2555 2977 2624 Graecis

517 2693 651 2755 seu,
713 2694 754 2738 a
821 2655 1174 2739 Romanis
1231 2671 1573 2749 adhibita,
1653 2670 2112 2759 aliquatenus
2175 2692 2585 2739 sermonem
2668 2660 2974 2740 latinum

515 2787 950 2853 redolerent.
1010 2785 1262 2876 Neque
1322 2787 1584 2874 injuria
1639 2786 1776 2853 hoc
1835 2786 1996 2876 ipso
2053 2808 2248 2855 anno
2308 2788 2396 2855 A.
2467 2788 2750 2855 Thumb
2811 2764 2980 2856 scri-⁰

514 2904 688 2971 bere
786 2913 1092 2993 poterat,
1190 2904 1563 2970 materiem
1670 2902 2133 2970 laudabiliter
2225 2905 2521 2993 quidem
2620 2915 2970 2993 paratam,

515 3020 846 3087 nondum
904 3041 1077 3087 vero
1146 3028 1521 3086 tractatam
1588 3019 1807 3085 fuisse
1880 3021 1982 3105 (1)
2068 3019 2213 3109 Ipsi
2273 3042 2471 3098 sane,
2547 3021 2721 3087 dum
2771 3044 2975 3110 prae-

515 3125 727 3201 claris
819 3135 1215 3202 doctissimi
1300 3134 1641 3201 Psicharii
1726 3135 2064 3225 auspiciis
2160 3147 2662 3223 argumentum
2764 3137 2976 3225 hujus

515 3250 799 3336 generis
891 3272 1083 3318 anno
1173 3250 1341 3339 1892
1437 3252 1893 3337 aggredimur
1968 3255 2070 3338 (2)
2097 3305 2111 3330 ,
2196 3252 2648 3341 propositum
2734 3253 2976 3341 potius

514 3367 960 3434 habebamus
997 3367 1469 3435 fundamenta
1502 3368 1932 3456 explorandi
1988 3389 2209 3456 quam
2256 3369 2579 3435 aedificia
2626 3369 2971 3436 struendi.

514 3481 744 3550 Nemo
800 3492 1046 3549 tamen
1100 3483 1462 3550 dubitabit
1522 3483 1702 3571 quin
1767 3493 2322 3551 monumentum
2386 3506 2639 3551 verum
2697 3486 2846 3571 jam
2898 3485 2977 3551 in

517 3608 721 3687 parte
788 3599 1105 3686 quadam
1160 3599 1375 3687 hujus
1426 3599 1530 3665 rei
1582 3598 1891 3666 Viereck
1951 3599 2288 3686 exegerit,
2349 3622 2512 3667 cum
2562 3622 2774 3667 suum
2835 3601 2975 3667 cla-

512 3715 877 3784 rissimum
934 3739 972 3782 «
1035 3717 1461 3782 Sermonem
1509 3715 1868 3782 Graecum
1922 3739 1959 3780 »
2017 3716 2285 3783 ederet.
2350 3717 2483 3784 Cui
2539 3716 2727 3784 libro
2782 3716 2976 3784 hunc

502 3831 821 3899 alterum
889 3831 1223 3900 libellum
1282 3841 1613 3898 nostrum
1671 3841 2018 3918 tanquam
2088 3830 2438 3897 humilem
2500 3833 2975 3919 appendicem

514 3948 957 4038 scripsimus,
1007 3947 1278 4036 quippe
1327 3947 1453 4036 qui
1492 3947 1741 4014 titulos
1798 3948 2124 4034 ejusdem
2177 3947 2462 4034 generis
2520 3947 2612 4013 ad
2666 3957 2974 4015 aetatem

511 4065 988 4153 posteriorem
1041 4063 1487 4153 pertinentes
1551 4063 2076 4148 collegerimus.

644 4181 917 4248 Tantus
977 4201 1150 4247 vero
1221 4190 1331 4247 est
1392 4200 1739 4247 numerus
1828 4179 2381 4269 inscriptionum
2474 4191 2689 4269 atque
2758 4181 2975 4248 etiam

511 4318 956 4386 papyrorum
1017 4297 1110 4364 ad
1177 4296 1371 4364 hunc
1433 4296 1627 4363 diem
1694 4295 1773 4362 in
1830 4295 2071 4363 lucem
2151 4296 2626 4385 proditarum,
2697 4306 2778 4364 ut
2836 4318 2974 4365 nos

604 4549 676 4612 (1)
720 4548 812 4598 Dio
858 4546 1195 4612 griechische
1231 4546 1484 4610 spi-acho,
1501 4560 1553 4610 p.
1589 4546 1682 4597 157
1712 4561 1726 4596 ε
1767 4562 1794 4593 κ
1840 4547 1978 4595 uber
2010 4546 2427 4597 dankenswerte
2466 4548 2818 4599 Vorarhciten
2852 4550 2972 4598 sind

512 4632 617 4680 wir
648 4629 789 4680 noch
811 4629 965 4678 nieht
996 4628 1519 4692 hinausgekommon
1554 4646 1600 4677 ».

607 4711 676 4773 (2)
710 4712 771 4761 ln
812 4712 997 4760 nostra
1031 4709 1413 4760 dissertatione
1442 4709 1713 4760 Influence
1762 4709 1834 4759 du
1885 4708 2020 4758 latin
2062 4721 2158 4757 sur
2188 4707 2239 4757 le
2278 4722 2430 4772 grem
2467 4710 2591 4759 vide
2631 4714 2967 4773 prooemium

515 4794 687 4842 Partis
722 4792 783 4840 11.
