3692 5750
1457 581 1831 628 concussio
2762 556 2874 617 115
2924 540 2941 556 ⁸

1393 1028 1900 1094 CONCLUSIO

550 1324 622 1388 Si
677 1327 887 1408 igitur
939 1326 1114 1388 hanc
1192 1326 1731 1388 dissertationem
1787 1325 2066 1388 definire
2097 1324 2453 1392 volumus,
2545 1325 2670 1385 hoc
2750 1324 2883 1406 pri-

425 1454 612 1496 mum
662 1434 975 1516 colligere
1013 1453 1372 1515 possumus
1413 1453 1728 1515 graecum
1773 1452 2151 1494 sermonem
2202 1453 2466 1512 semper
2512 1433 2583 1493 in
2627 1434 2885 1513 graecis

427 1539 817 1622 regionibus
914 1540 1253 1622 publicum
1341 1559 1722 1603 sermonem
1811 1539 2046 1610 fuisse,
2135 1558 2373 1622 neque,
2460 1539 2886 1601 Constantini

428 1649 756 1710 duntaxat
828 1657 981 1709 ante
1047 1656 1353 1720 aetatem,
1409 1647 1622 1709 ullum
1688 1657 1949 1730 tempus
2010 1647 2348 1710 exstitisse
2412 1668 2545 1728 quo
2601 1648 2884 1710 Romani

428 1756 517 1817 ad
605 1754 890 1838 populos
969 1775 1243 1836 graecos
1321 1755 1525 1817 latine
1607 1764 1869 1817 tantum
1947 1755 2242 1817 scribere
2327 1755 2716 1836 potuissent.
2797 1754 2889 1816 Ut

429 1862 720 1925 Romani
761 1862 1178 1943 antiquiores
1222 1871 1490 1923 senatus
1529 1862 1830 1923 consulta
1875 1861 2373 1934 transtulerant,
2424 1869 2498 1922 ut
2544 1861 2888 1941 Augustus

431 1971 578 2052 ipsc
635 1977 702 2029 et
757 1967 1063 2031 Tiberius
1119 1970 1440 2051 epistulas
1489 1979 1555 2032 et
1609 1977 2114 2031 monumentum
2172 1970 2592 2049 Ancyrarum
2653 1985 2888 2048 graece

429 2084 548 2138 aut
612 2077 745 2158 ipsi
821 2078 1252 2159 scripserant,
1345 2086 1460 2139 aut
1539 2077 1744 2138 scribi
1816 2077 2180 2159 jusserant,
2260 2077 2354 2138 ita
2437 2076 2887 2158 posteriorum

429 2193 724 2246 aetatum
805 2186 1244 2267 imperatores
1323 2193 1391 2247 et
1481 2186 1910 2266 magistratus
1989 2185 2076 2245 ad
2155 2183 2225 2245 id
2292 2185 2501 2244 coacti
2578 2193 2731 2245 sunt
2813 2192 2887 2245 ut

426 2291 852 2353 devictorum
904 2311 1211 2353 sermone
1279 2291 1460 2374 apud
1510 2291 1806 2353 devictos
1858 2299 2225 2353 uterentur.
2286 2289 2671 2371 Aliquando
2746 2291 2888 2372 qui-

427 2398 586 2460 dem
637 2399 816 2460 tituli
896 2400 1245 2481 utriusque
1321 2400 1589 2482 linguae
1673 2400 1927 2461 auxilio
1982 2399 2195 2460 oculis
2286 2398 2616 2481 propositi
2696 2407 2884 2471 sunt;

425 2527 631 2589 saepe
687 2527 852 2569 vero
913 2506 1157 2568 factum
1215 2515 1316 2568 est
1386 2516 1461 2569 ut
1543 2508 1829 2568 victores
1908 2508 2212 2589 protinus
2263 2526 2499 2587 graece
2556 2506 2878 2586 epistulas

424 2614 732 2677 edictave
789 2613 1188 2684 scriberent,
1254 2623 1451 2695 atque
1507 2616 1708 2702 etiam
1791 2615 2190 2696 elegantiam
2267 2614 2565 2695 aliquam
2593 2614 2882 2675 ‘affecta-

423 2731 598 2784 rent.
669 2722 909 2785 Graeci
971 2742 1154 2793 vero,
1239 2722 1560 2783 submissi
1612 2723 1922 2802 quamvis
1973 2731 2039 2783 et
2095 2721 2471 2796 adulante5‚
2527 2721 2882 2802 segnitiam

426 2837 684 2895 tantam
763 2830 836 2891 in
914 2828 1236 2891 discendo
1321 2827 1774 2891 Romanorum
1860 2847 2166 2891 sermone
2249 2828 2715 2898 ostendebant,
2810 2836 2885 2889 ut

424 2956 718 3018 semper,
778 2936 963 3019 quod
1017 2936 1102 2997 ad
1160 2956 1263 2997 res
1309 2935 1593 3018 alicujus
1641 2935 1963 2998 momenti
2016 2937 2353 3006 attineret,
2404 2954 2675 2996 necesse
2706 2943 2883 2996 esset

423 3063 580 3105 cum
629 3044 714 3105 iis
768 3063 1003 3125 graece
1055 3043 1396 3107 Romanos
1454 3063 1651 3126 agere
1710 3046 1822 3124 (1).

551 3150 771 3231 Quam
825 3150 911 3212 ob
964 3171 1234 3212 causam
1284 3171 1390 3213 res
1443 3152 1540 3212 ita
1602 3172 1673 3213 se
1723 3152 2003 3214 haberet
2052 3152 2284 3234 quaeri
2341 3158 2605 3237 potest..
2658 3149 2884 3210 Nostri

426 3260 702 3341 quidem
747 3259 925 3321 tituli
970 3259 1100 3340 ipsi
1150 3259 1315 3319 satis
1365 3260 1765 3320 confirmant
1808 3279 2142 3342 nusquam
2188 3258 2608 3319 sedulitatem
2663 3275 2882 3316 roma-

423 3386 586 3429 nam
656 3364 1006 3447 fatigatam
1089 3366 1316 3428 fuisse.
1401 3364 1843 3448 Imperatores
1922 3368 2102 3429 enim
2171 3373 2556 3426 constanter
2629 3364 2883 3444 legatos

424 3492 705 3555 graecos
792 3472 1212 3554 accipiebant
1287 3481 1353 3535 et
1428 3474 1707 3535 comiter
1806 3472 2249 3535 dimittebant.
2347 3470 2525 3532 Nero
2606 3471 2882 3552 quidem

425 3588 691 3662 poterat
757 3599 880 3641 sua
966 3581 1270 3641 oratione
1362 3581 1710 3662 paululum
1782 3581 1852 3641 in
1933 3581 2083 3662 ipso
2165 3579 2489 3640 beneficio
2586 3579 2881 3641 Graecos

428 3686 807 3768 deprimere
862 3695 929 3749 et
982 3685 1250 3749 laedere
1304 3709 1317 3748 ε
1379 3686 1771 3769 plerumque
1827 3707 1991 3749 vero
2059 3687 2398 3769 principes
2479 3706 2554 3748 ac
2637 3685 2875 3767 magis-

429 3800 642 3853 tratus
687 3793 776 3853 ad
828 3793 898 3853 id
953 3792 1308 3854 studebant
1356 3802 1427 3854 ut
1468 3793 1778 3856 omnibus
1836 3801 1901 3855 et
1987 3794 2299 3856 decenter
2356 3795 2606 3876 gratias
2675 3790 2876 3853 refer-

431 3907 599 3967 rent,
687 3908 754 3961 et
828 3900 1064 3961 laudes
1135 3900 1558 3982 honoresque
1636 3902 2011 3975 mitterent;
2091 3921 2327 3984 neque,
2416 3911 2487 3963 ut
2561 3901 2873 3971 vidimus,

429 4006 796 4088 quidquam
864 4007 1306 4089 neglegebant
1369 4008 1729 4088 quominus
1806 4028 2052 4070 nomen
2122 4028 2473 4070 romanum
2538 4016 2607 4070 et
2662 4007 2876 4089 splen·

427 4112 660 4174 didum
720 4122 786 4173 et
840 4132 1229 4174 mansurum
1274 4113 1559 4195 ideoque
1609 4115 1963 4176 colendum
2007 4123 2206 4197 atque
2253 4116 2455 4175 etiam
2507 4114 2875 4176 timendum

428 4221 875 4284 ostenderent.
952 4221 1191 4283 Graeci
1263 4240 1426 4283 vero
1509 4223 1601 4282 ita
1685 4229 1751 4283 et
1832 4240 2054 4283 mores
2135 4240 2293 4281 suos
2363 4229 2429 4281 et
2497 4229 2876 4301 temporum

426 4329 943 4411 praeteritorum
1014 4327 1406 4390 memoriam
1478 4327 1847 4410 diligebant
1911 4337 1985 4389 ut
2056 4348 2143 4389 ne
2228 4327 2515 4390 delibari
2601 4329 2876 4410 quidem

429 4454 806 4498 sermonem
889 4455 1084 4497 suum
1162 4435 1452 4497 libenter
1524 4436 1840 4496 sinerent.
1909 4435 2239 4518 Alioquin
2305 4456 2524 4498 sermo
2599 4456 2877 4517 graecus

519 4662 586 4724 (1)
611 4661 690 4712 Ita
717 4662 937 4725 quidem
969 4662 1258 4725 aliquando
1291 4662 1515 4713 Romani
1552 4663 1653 4725 ipsi
1697 4662 2056 4713 libentissime
2094 4664 2326 4728 agebant
2355 4664 2531 4726 (Nero,
2577 4667 2640 4715 ut
2679 4676 2849 4714 unum

429 4742 743 4805 exemplum
778 4744 1122 4807 proponam).
