3692 5750
1347 635 1432 676 nn
1475 633 1607 677 usu
1650 633 2047 677 'rrrunonum
2813 618 2893 699 69

441 804 735 886 Aegypti
809 804 895 866 de
959 804 1489 866 administranda
1564 805 1843 886 regione
1923 806 2289 886 scripserit.
2389 804 2507 867 Est
2593 807 2892 889 profecto

441 912 681 993 optimi
763 911 1088 994 principis
1161 911 1468 973 misereri
1534 910 1809 973 illorum
1875 911 2246 974 liberorum
2314 933 2351 974 «
2425 933 2594 995 quos
2670 925 2894 997 patres

444 1038 675 1079 eorum
743 1018 1032 1081 militiae
1098 1027 1536 1101 susceperunt
1604 1018 2023 1102 temporibus
2097 1039 2133 1079 )›
2191 1022 2298 1100 (1),
2361 1029 2429 1082 et
2509 1041 2893 1104 quanquam

439 1124 764 1207 Trajanus
825 1134 1017 1187 curat
1071 1147 1143 1187 se
1194 1126 1431 1187 melius
1487 1145 1688 1208 quam
1734 1135 2193 1188 antecessores
2238 1136 2542 1190 acturum
2596 1148 2741 1190 esse
2803 1130 2893 1210 (2)

439 1242 567 1303 hoe
617 1243 834 1324 magis
896 1243 1295 1304 humanitati
1353 1262 1557 1325 quam
1604 1242 1958 1323 superbiae
2015 1242 2446 1305 tribuendum
2502 1263 2651 1306 esse
2709 1253 2894 1326 puta-

439 1367 588 1437 mus
642 1347 753 1430 (3).
819 1348 1110 1431 Populos
1160 1350 1364 1433 igitur
1417 1369 1656 1437 graeco
1714 1369 2024 1411 sermone
2079 1359 2402 1419 assuetos,
2465 1370 2616 1411 eum
2672 1350 2892 1412 indul·

437 1446 688 1536 'gentia'
732 1434 1020 1537 quadam
1093 1454 1366 1517 tractari
1442 1475 1619 1517 nunc
1688 1476 1956 1538 quoque
2019 1456 2345 1527 videmuS,
2418 1468 2505 1527 et,
2570 1446 2752 1539 quod
2807 1459 2891 1520 ad

418 1555 814 1641 'sermonem
864 1564 1088 1644 ipsum
1137 1571 1410 1645 spectat,
1460 1562 1625 1624 haec
1672 1563 2026 1625 translatio
2073 1563 2468 1626 confirmare
2518 1573 2766 1645 posset,
2831 1566 2891 1627 si

434 1689 706 1732 necesse
758 1680 958 1743 esset,
1011 1670 1304 1753 Aegypti
1355 1671 1612 1732 incolas
1660 1670 1946 1752 Trajano
2003 1673 2373 1753 imperante
2420 1692 2558 1734 non
2610 1672 2889 1734 latinam

430 1776 734 1858 linguam
779 1777 1215 1855 intellexisse,
1270 1797 1421 1839 enm
1485 1778 1655 1860 ipsis
1723 1758 2118 1860 legionariis
2167 1779 2499 1841 militibus
2549 1779 2894 1862 exemplar

432 1904 745 1965 graecum
792 1882 1312 1968 'proponendum
1366 1895 1600 1973 esset.¹

532 2147 596 2203 (¹)
637 2144 717 2195 lta
754 2145 953 2196 Bruns⁸
981 2146 1243 2196 transfert
1271 2160 1323 2196 v.
1353 2146 1508 2196 22-23
1536 2149 1708 2196 nostri
1738 2149 1954 2198 numeri
1984 2147 2081 2198 14.

412 2277 420 2284 α
528 2225 604 2368 (ἒ)
633 2224 1270 2357 ἔῶοίξτίίῗιίᾱοιιωίοεεὸ
1289 2318 1483 2358 versus
1509 2289 1688 2358 :ii-33(
