<?xml version="1.0" encoding="UTF-8"?>
<!DOCTYPE html PUBLIC "-//W3C//DTD XHTML 1.0 Transitional//EN"
    "http://www.w3.org/TR/xhtml1/DTD/xhtml1-transitional.dtd">
<html xmlns="http://www.w3.org/1999/xhtml" xml:lang="en" lang="en">
 <head>
  <title>
</title>
<meta http-equiv="Content-Type" content="text/html;charset=utf-8" />
  <meta name='ocr-system' content='tesseract 3.04.00' />
  <meta name='ocr-capabilities' content='ocr_page ocr_carea ocr_par ocr_line ocrx_word'/>
</head>
<body>
  <div class='ocr_page' id='page_1' title='image "./deepistulisalii00lafogoog_0118.png"; bbox 0 0 3692 5750; ppageno 0'>
   <div class='ocr_carea' id='block_1_1' title="bbox 788 556 2178 609">
    <p class='ocr_par' dir='ltr' id='par_1_1' title="bbox 788 556 2178 609">
     <span class='ocr_line' id='line_1_1' title="bbox 788 556 2178 609; baseline 0.001 -2"><span class='ocrx_word' id='word_1_1' title='bbox 788 565 794 572; x_wconf 84' lang='grc'><strong><em>’</em></strong></span> <span class='ocrx_word' id='word_1_2' title='bbox 815 556 928 608; x_wconf 85' lang='lat'>100</span> <span class='ocrx_word' id='word_1_3' title='bbox 1891 561 2060 609; x_wconf 75' lang='lat' dir='ltr'>PARS</span> <span class='ocrx_word' id='word_1_4' title='bbox 2101 562 2178 609; x_wconf 90' lang='lat'>111</span> 
     </span>
    </p>
   </div>
   <div class='ocr_carea' id='block_1_2' title="bbox 799 732 3262 3597">
    <p class='ocr_par' dir='ltr' id='par_1_2' title="bbox 807 732 3261 1243">
     <span class='ocr_line' id='line_1_2' title="bbox 811 732 3261 818; baseline 0 -24"><span class='ocrx_word' id='word_1_5' title='bbox 811 734 953 795; x_wconf 89' lang='lat' dir='ltr'>sine</span> <span class='ocrx_word' id='word_1_6' title='bbox 1000 753 1200 795; x_wconf 88' lang='lat' dir='ltr'>causa</span> <span class='ocrx_word' id='word_1_7' title='bbox 1251 735 1323 796; x_wconf 87' lang='lat' dir='ltr'>in</span> <span class='ocrx_word' id='word_1_8' title='bbox 1371 734 1504 796; x_wconf 88' lang='lat' dir='ltr'>fine</span> <span class='ocrx_word' id='word_1_9' title='bbox 1550 734 1727 797; x_wconf 87' lang='lat' dir='ltr'>tituli</span> <span class='ocrx_word' id='word_1_10' title='bbox 1787 735 1990 800; x_wconf 74' lang='lat'>137</span> <span class='ocrx_word' id='word_1_11' title='bbox 2048 735 2380 818; x_wconf 84' lang='lat' dir='ltr'>permixta</span> <span class='ocrx_word' id='word_1_12' title='bbox 2449 737 2533 815; x_wconf 93' lang='lat'>(1)</span> <span class='ocrx_word' id='word_1_13' title='bbox 2591 755 2740 796; x_wconf 90' lang='lat' dir='ltr'>cum</span> <span class='ocrx_word' id='word_1_14' title='bbox 2791 733 3062 796; x_wconf 88' lang='lat' dir='ltr'>nomina</span> <span class='ocrx_word' id='word_1_15' title='bbox 3112 732 3261 815; x_wconf 85' lang='lat' dir='ltr'>ipsa</span> 
     </span>
     <span class='ocr_line' id='line_1_3' title="bbox 808 839 3260 923; baseline -0 -22"><span class='ocrx_word' id='word_1_16' title='bbox 808 840 1117 902; x_wconf 86' lang='lat' dir='ltr'>homines</span> <span class='ocrx_word' id='word_1_17' title='bbox 1172 840 1371 902; x_wconf 91' lang='lat' dir='ltr'>rudes</span> <span class='ocrx_word' id='word_1_18' title='bbox 1440 840 1732 922; x_wconf 87' lang='lat' dir='ltr'>quidem,</span> <span class='ocrx_word' id='word_1_19' title='bbox 1793 841 1913 903; x_wconf 87' lang='lat' dir='ltr'>sed</span> <span class='ocrx_word' id='word_1_20' title='bbox 1987 861 2288 923; x_wconf 78' lang='lat' dir='ltr'>graecoS,</span> <span class='ocrx_word' id='word_1_21' title='bbox 2350 861 2488 903; x_wconf 93' lang='lat' dir='ltr'>non</span> <span class='ocrx_word' id='word_1_22' title='bbox 2539 859 2854 902; x_wconf 89' lang='lat' dir='ltr'>romanos</span> <span class='ocrx_word' id='word_1_23' title='bbox 2918 860 2997 903; x_wconf 90' lang='lat' dir='ltr'>ea</span> <span class='ocrx_word' id='word_1_24' title='bbox 3057 839 3260 922; x_wconf 86' lang='lat' dir='ltr'>scrip-</span> 
     </span>
     <span class='ocr_line' id='line_1_4' title="bbox 810 944 3259 1031; baseline -0.001 -23"><span class='ocrx_word' id='word_1_25' title='bbox 810 948 976 1009; x_wconf 84' lang='lat' dir='ltr'>sisse</span> <span class='ocrx_word' id='word_1_26' title='bbox 1003 947 1203 1009; x_wconf 89' lang='lat' dir='ltr'>nobis</span> <span class='ocrx_word' id='word_1_27' title='bbox 1237 947 1630 1029; x_wconf 78' lang='lat' dir='ltr'>significent.</span> <span class='ocrx_word' id='word_1_28' title='bbox 1677 946 1911 1029; x_wconf 84' lang='lat' dir='ltr'><strong>Neque</strong></span> <span class='ocrx_word' id='word_1_29' title='bbox 1940 950 2151 1031; x_wconf 82' lang='lat' dir='ltr'>magis</span> <span class='ocrx_word' id='word_1_30' title='bbox 2195 955 2294 1010; x_wconf 83' lang='lat' dir='ltr'>est</span> <span class='ocrx_word' id='word_1_31' title='bbox 2337 949 2552 1009; x_wconf 88' lang='lat' dir='ltr'>curin</span> <span class='ocrx_word' id='word_1_32' title='bbox 2583 969 2652 1018; x_wconf 91' lang='lat' dir='ltr'>n,</span> <span class='ocrx_word' id='word_1_33' title='bbox 2688 948 2833 1010; x_wconf 99' lang='grc'>44</span> <span class='ocrx_word' id='word_1_34' title='bbox 2881 946 3002 1009; x_wconf 91' lang='lat' dir='ltr'>XII</span> <span class='ocrx_word' id='word_1_35' title='bbox 3043 946 3106 1008; x_wconf 94' lang='lat' dir='ltr'>D</span> <span class='ocrx_word' id='word_1_36' title='bbox 3153 944 3259 1006; x_wconf 80' lang='lat'>2-3</span> 
     </span>
     <span class='ocr_line' id='line_1_5' title="bbox 810 1052 3259 1138; baseline 0 -25"><span class='ocrx_word' id='word_1_37' title='bbox 810 1056 1208 1138; x_wconf 76' lang='grc' dir='ltr'>ἐφιλοτείμησε</span> <span class='ocrx_word' id='word_1_38' title='bbox 1261 1056 1365 1134; x_wconf 66' lang='grc'><strong>,(9)</strong></span> <span class='ocrx_word' id='word_1_39' title='bbox 1431 1055 1882 1131; x_wconf 83' lang='lat' dir='ltr'>restituamus,</span> <span class='ocrx_word' id='word_1_40' title='bbox 1955 1075 2103 1116; x_wconf 90' lang='lat' dir='ltr'>cum</span> <span class='ocrx_word' id='word_1_41' title='bbox 2176 1075 2508 1137; x_wconf 82' lang='lat' dir='ltr'>nusquam</span> <span class='ocrx_word' id='word_1_42' title='bbox 2566 1055 2735 1116; x_wconf 81' lang='lat' dir='ltr'>alibi</span> <span class='ocrx_word' id='word_1_43' title='bbox 2793 1055 2919 1116; x_wconf 91' lang='lat' dir='ltr'>hoc</span> <span class='ocrx_word' id='word_1_44' title='bbox 2978 1052 3259 1115; x_wconf 81' lang='lat' dir='ltr'>verbum</span> 
     </span>
     <span class='ocr_line' id='line_1_6' title="bbox 807 1160 3256 1243; baseline -0 -22"><span class='ocrx_word' id='word_1_45' title='bbox 807 1162 881 1222; x_wconf 92' lang='lat' dir='ltr'>in</span> <span class='ocrx_word' id='word_1_46' title='bbox 922 1161 1138 1222; x_wconf 90' lang='lat' dir='ltr'>activa</span> <span class='ocrx_word' id='word_1_47' title='bbox 1185 1180 1348 1222; x_wconf 83' lang='lat' dir='ltr'>voce</span> <span class='ocrx_word' id='word_1_48' title='bbox 1393 1170 1774 1242; x_wconf 82' lang='lat' dir='ltr'>usurpetur,</span> <span class='ocrx_word' id='word_1_49' title='bbox 1815 1171 1884 1223; x_wconf 88' lang='lat' dir='ltr'>et</span> <span class='ocrx_word' id='word_1_50' title='bbox 1909 1161 2226 1223; x_wconf 84' lang='lat' dir='ltr'>facillime</span> <span class='ocrx_word' id='word_1_51' title='bbox 2278 1165 2684 1243; x_wconf 76' lang='grc' dir='ltr'>ἑφιλοτειμήθη</span> <span class='ocrx_word' id='word_1_52' title='bbox 2727 1161 2993 1223; x_wconf 87' lang='lat' dir='ltr'>restitui</span> <span class='ocrx_word' id='word_1_53' title='bbox 3018 1160 3256 1243; x_wconf 81' lang='lat' dir='ltr'>possit.</span> 
     </span>
    </p>

    <p class='ocr_par' dir='ltr' id='par_1_3' title="bbox 799 1267 3262 3597">
     <span class='ocr_line' id='line_1_7' title="bbox 914 1267 3259 1351; baseline 0 -23"><span class='ocrx_word' id='word_1_54' title='bbox 914 1267 1016 1329; x_wconf 93' lang='lat' dir='ltr'>De</span> <span class='ocrx_word' id='word_1_55' title='bbox 1084 1268 1503 1350; x_wconf 83' lang='lat' dir='ltr'>temporibus</span> <span class='ocrx_word' id='word_1_56' title='bbox 1551 1268 1810 1350; x_wconf 88' lang='lat' dir='ltr'>aliquid</span> <span class='ocrx_word' id='word_1_57' title='bbox 1858 1278 2199 1351; x_wconf 88' lang='lat' dir='ltr'>praeterea</span> <span class='ocrx_word' id='word_1_58' title='bbox 2251 1270 2628 1345; x_wconf 89' lang='lat' dir='ltr'>dicendum,</span> <span class='ocrx_word' id='word_1_59' title='bbox 2690 1277 2759 1330; x_wconf 87' lang='lat' dir='ltr'>et</span> <span class='ocrx_word' id='word_1_60' title='bbox 2814 1269 3105 1351; x_wconf 88' lang='lat' dir='ltr'>primum</span> <span class='ocrx_word' id='word_1_61' title='bbox 3175 1267 3259 1329; x_wconf 90' lang='lat' dir='ltr'>de</span> 
     </span>
     <span class='ocr_line' id='line_1_8' title="bbox 806 1376 3260 1458; baseline 0 -22"><span class='ocrx_word' id='word_1_62' title='bbox 806 1377 1142 1458; x_wconf 89' lang='lat' dir='ltr'>praesenti</span> <span class='ocrx_word' id='word_1_63' title='bbox 1204 1383 1503 1458; x_wconf 84' lang='lat' dir='ltr'>tempore</span> <span class='ocrx_word' id='word_1_64' title='bbox 1574 1396 1650 1437; x_wconf 90' lang='lat' dir='ltr'>ac</span> <span class='ocrx_word' id='word_1_65' title='bbox 1701 1376 1784 1438; x_wconf 86' lang='lat' dir='ltr'>de</span> <span class='ocrx_word' id='word_1_66' title='bbox 1849 1377 2262 1458; x_wconf 83' lang='lat' dir='ltr'>imperfecto.</span> <span class='ocrx_word' id='word_1_67' title='bbox 2340 1376 2491 1457; x_wconf 89' lang='lat' dir='ltr'>Qua</span> <span class='ocrx_word' id='word_1_68' title='bbox 2556 1376 2640 1439; x_wconf 88' lang='lat' dir='ltr'>de</span> <span class='ocrx_word' id='word_1_69' title='bbox 2700 1396 2773 1438; x_wconf 88' lang='lat' dir='ltr'>re</span> <span class='ocrx_word' id='word_1_70' title='bbox 2835 1376 3117 1438; x_wconf 87' lang='lat' dir='ltr'>Viereck</span> <span class='ocrx_word' id='word_1_71' title='bbox 3185 1376 3260 1437; x_wconf 91' lang='lat' dir='ltr'>in</span> 
     </span>
     <span class='ocr_line' id='line_1_9' title="bbox 806 1480 3259 1565; baseline -0.001 -21"><span class='ocrx_word' id='word_1_72' title='bbox 806 1482 1284 1544; x_wconf 86' lang='lat' dir='ltr'>commentario</span> <span class='ocrx_word' id='word_1_73' title='bbox 1346 1502 1466 1542; x_wconf 89' lang='lat' dir='ltr'>suo</span> <span class='ocrx_word' id='word_1_74' title='bbox 1514 1480 1601 1561; x_wconf 85' lang='lat'>(3)</span> <span class='ocrx_word' id='word_1_75' title='bbox 1653 1483 1921 1564; x_wconf 85' lang='lat' dir='ltr'>scripsit</span> <span class='ocrx_word' id='word_1_76' title='bbox 1973 1503 2141 1553; x_wconf 84' lang='lat' dir='ltr'>eam,</span> <span class='ocrx_word' id='word_1_77' title='bbox 2204 1485 2275 1544; x_wconf 92' lang='lat' dir='ltr'>in</span> <span class='ocrx_word' id='word_1_78' title='bbox 2311 1482 2596 1565; x_wconf 84' lang='lat' dir='ltr'>epistula</span> <span class='ocrx_word' id='word_1_79' title='bbox 2643 1483 2758 1555; x_wconf 76' lang='lat' dir='ltr'>Vl,</span> <span class='ocrx_word' id='word_1_80' title='bbox 2817 1482 2875 1559; x_wconf 88' lang='lat'>5,</span> <span class='ocrx_word' id='word_1_81' title='bbox 2923 1481 3259 1544; x_wconf 87' lang='lat' dir='ltr'>scribendi</span> 
     </span>
     <span class='ocr_line' id='line_1_10' title="bbox 807 1588 3257 1672; baseline -0 -22"><span class='ocrx_word' id='word_1_82' title='bbox 807 1590 1137 1651; x_wconf 88' lang='lat' dir='ltr'>rationem</span> <span class='ocrx_word' id='word_1_83' title='bbox 1190 1588 1563 1649; x_wconf 87' lang='lat' dir='ltr'>adhibitam</span> <span class='ocrx_word' id='word_1_84' title='bbox 1607 1607 1776 1664; x_wconf 90' lang='lat' dir='ltr'>esse,</span> <span class='ocrx_word' id='word_1_85' title='bbox 1835 1609 1873 1650; x_wconf 86' lang='lat'>«</span> <span class='ocrx_word' id='word_1_86' title='bbox 1924 1598 1996 1650; x_wconf 91' lang='lat' dir='ltr'>ut</span> <span class='ocrx_word' id='word_1_87' title='bbox 2040 1590 2367 1670; x_wconf 85' lang='lat' dir='ltr'>temporis</span> <span class='ocrx_word' id='word_1_88' title='bbox 2422 1610 2556 1671; x_wconf 93' lang='lat' dir='ltr'>quo</span> <span class='ocrx_word' id='word_1_89' title='bbox 2600 1590 2677 1660; x_wconf 88' lang='lat' dir='ltr'>is,</span> <span class='ocrx_word' id='word_1_90' title='bbox 2735 1591 2853 1670; x_wconf 92' lang='lat' dir='ltr'>qui</span> <span class='ocrx_word' id='word_1_91' title='bbox 2901 1589 3257 1672; x_wconf 83' lang='lat' dir='ltr'>epistulam</span> 
     </span>
     <span class='ocr_line' id='line_1_11' title="bbox 804 1694 3257 1778; baseline -0 -20"><span class='ocrx_word' id='word_1_92' title='bbox 804 1698 1081 1778; x_wconf 88' lang='lat' dir='ltr'>accepit,</span> <span class='ocrx_word' id='word_1_93' title='bbox 1138 1696 1390 1778; x_wconf 87' lang='lat' dir='ltr'>legeret</span> <span class='ocrx_word' id='word_1_94' title='bbox 1431 1716 1600 1769; x_wconf 88' lang='lat' dir='ltr'>eam,</span> <span class='ocrx_word' id='word_1_95' title='bbox 1652 1696 1825 1778; x_wconf 80' lang='lat' dir='ltr'>ratio</span> <span class='ocrx_word' id='word_1_96' title='bbox 1874 1694 2102 1758; x_wconf 88' lang='lat' dir='ltr'>habita</span> <span class='ocrx_word' id='word_1_97' title='bbox 2145 1698 2231 1757; x_wconf 92' lang='lat' dir='ltr'>sit</span> <span class='ocrx_word' id='word_1_98' title='bbox 2280 1698 2366 1776; x_wconf 74' lang='grc'><strong>(4)</strong></span> <span class='ocrx_word' id='word_1_99' title='bbox 2414 1718 2469 1760; x_wconf 90' lang='lat'>».</span> <span class='ocrx_word' id='word_1_100' title='bbox 2550 1697 2692 1758; x_wconf 88' lang='lat' dir='ltr'>Hoc</span> <span class='ocrx_word' id='word_1_101' title='bbox 2741 1696 3012 1777; x_wconf 85' lang='lat' dir='ltr'>quidem</span> <span class='ocrx_word' id='word_1_102' title='bbox 3059 1696 3257 1758; x_wconf 90' lang='lat' dir='ltr'>nobis</span> 
     </span>
     <span class='ocr_line' id='line_1_12' title="bbox 801 1803 3252 1886; baseline 0.002 -21"><span class='ocrx_word' id='word_1_103' title='bbox 801 1804 987 1865; x_wconf 88' lang='lat' dir='ltr'>nulla</span> <span class='ocrx_word' id='word_1_104' title='bbox 1042 1804 1347 1886; x_wconf 83' lang='lat' dir='ltr'>exempla</span> <span class='ocrx_word' id='word_1_105' title='bbox 1395 1813 1533 1865; x_wconf 87' lang='lat' dir='ltr'>tam</span> <span class='ocrx_word' id='word_1_106' title='bbox 1589 1803 1770 1864; x_wconf 86' lang='lat' dir='ltr'>clara</span> <span class='ocrx_word' id='word_1_107' title='bbox 1819 1822 2211 1885; x_wconf 81' lang='lat' dir='ltr'>expromere</span> <span class='ocrx_word' id='word_1_108' title='bbox 2256 1804 2427 1866; x_wconf 90' lang='lat' dir='ltr'>licet.</span> <span class='ocrx_word' id='word_1_109' title='bbox 2480 1805 2560 1866; x_wconf 90' lang='lat' dir='ltr'>In</span> <span class='ocrx_word' id='word_1_110' title='bbox 2615 1813 2847 1865; x_wconf 89' lang='lat' dir='ltr'>nostro</span> <span class='ocrx_word' id='word_1_111' title='bbox 2907 1823 3073 1865; x_wconf 81' lang='lat' dir='ltr'>vero</span> <span class='ocrx_word' id='word_1_112' title='bbox 3127 1804 3252 1869; x_wconf 73' lang='grc'>17</span> 
     </span>
     <span class='ocr_line' id='line_1_13' title="bbox 806 1909 3255 1993; baseline 0 -22"><span class='ocrx_word' id='word_1_113' title='bbox 806 1909 979 1988; x_wconf 72' lang='grc'>13-14</span> <span class='ocrx_word' id='word_1_114' title='bbox 1030 1912 1261 1992; x_wconf 89' lang='lat' dir='ltr'>quaeri</span> <span class='ocrx_word' id='word_1_115' title='bbox 1311 1920 1535 1992; x_wconf 89' lang='lat' dir='ltr'>potest</span> <span class='ocrx_word' id='word_1_116' title='bbox 1588 1930 1676 1972; x_wconf 91' lang='lat' dir='ltr'>an</span> <span class='ocrx_word' id='word_1_117' title='bbox 1751 1910 1921 1971; x_wconf 88' lang='lat' dir='ltr'>illud</span> <span class='ocrx_word' id='word_1_118' title='bbox 1993 1910 2459 1993; x_wconf 84' lang='lat' dir='ltr'>imperfectum</span> <span class='ocrx_word' id='word_1_119' title='bbox 2519 1915 2782 1993; x_wconf 83' lang='grc' dir='ltr'><strong>ἡγούμην</strong></span> <span class='ocrx_word' id='word_1_120' title='bbox 2862 1931 2988 1993; x_wconf 85' lang='lat' dir='ltr'>pro</span> <span class='ocrx_word' id='word_1_121' title='bbox 3070 1932 3255 1993; x_wconf 86' lang='lat' dir='ltr'>prae-</span> 
     </span>
     <span class='ocr_line' id='line_1_14' title="bbox 802 2017 3254 2099; baseline 0 -21"><span class='ocrx_word' id='word_1_122' title='bbox 802 2020 998 2091; x_wconf 88' lang='lat' dir='ltr'>senti,</span> <span class='ocrx_word' id='word_1_123' title='bbox 1056 2018 1142 2079; x_wconf 89' lang='lat' dir='ltr'>ad</span> <span class='ocrx_word' id='word_1_124' title='bbox 1188 2017 1705 2080; x_wconf 85' lang='lat' dir='ltr'>similitudinem</span> <span class='ocrx_word' id='word_1_125' title='bbox 1759 2018 2135 2099; x_wconf 76' lang='lat' dir='ltr'>imperfecti</span> <span class='ocrx_word' id='word_1_126' title='bbox 2190 2018 2382 2080; x_wconf 90' lang='lat' dir='ltr'>latini</span> <span class='ocrx_word' id='word_1_127' title='bbox 2427 2040 2462 2080; x_wconf 91' lang='lat'>«</span> <span class='ocrx_word' id='word_1_128' title='bbox 2515 2018 2986 2080; x_wconf 80' lang='lat' dir='ltr'>existimabam</span> <span class='ocrx_word' id='word_1_129' title='bbox 3041 2038 3077 2079; x_wconf 90' lang='lat'>»</span> <span class='ocrx_word' id='word_1_130' title='bbox 3151 2019 3254 2098; x_wconf 88' lang='lat' dir='ltr'>(eo</span> 
     </span>
     <span class='ocr_line' id='line_1_15' title="bbox 801 2124 3260 2208; baseline 0.001 -23"><span class='ocrx_word' id='word_1_131' title='bbox 801 2133 1100 2207; x_wconf 90' lang='lat' dir='ltr'>tempore</span> <span class='ocrx_word' id='word_1_132' title='bbox 1153 2145 1287 2207; x_wconf 92' lang='lat' dir='ltr'>quo</span> <span class='ocrx_word' id='word_1_133' title='bbox 1331 2124 1732 2205; x_wconf 87' lang='lat' dir='ltr'>scribebam)</span> <span class='ocrx_word' id='word_1_134' title='bbox 1776 2126 2069 2206; x_wconf 81' lang='lat' dir='ltr'>positum</span> <span class='ocrx_word' id='word_1_135' title='bbox 2118 2127 2225 2188; x_wconf 89' lang='lat' dir='ltr'>sit.</span> <span class='ocrx_word' id='word_1_136' title='bbox 2284 2126 2484 2206; x_wconf 87' lang='lat' dir='ltr'>Quod</span> <span class='ocrx_word' id='word_1_137' title='bbox 2526 2127 2707 2188; x_wconf 90' lang='lat' dir='ltr'>idem</span> <span class='ocrx_word' id='word_1_138' title='bbox 2762 2127 2983 2188; x_wconf 89' lang='lat' dir='ltr'>notari</span> <span class='ocrx_word' id='word_1_139' title='bbox 3038 2136 3260 2208; x_wconf 85' lang='lat' dir='ltr'>potest</span> 
     </span>
     <span class='ocr_line' id='line_1_16' title="bbox 799 2232 3260 2316; baseline 0 -22"><span class='ocrx_word' id='word_1_140' title='bbox 799 2235 875 2294; x_wconf 90' lang='lat' dir='ltr'>in</span> <span class='ocrx_word' id='word_1_141' title='bbox 916 2234 1063 2296; x_wconf 76' lang='lat'>45</span> <span class='ocrx_word' id='word_1_142' title='bbox 1114 2232 1235 2294; x_wconf 93' lang='lat' dir='ltr'>XIl</span> <span class='ocrx_word' id='word_1_143' title='bbox 1286 2232 1337 2293; x_wconf 91' lang='lat' dir='ltr'><strong>E</strong></span> <span class='ocrx_word' id='word_1_144' title='bbox 1398 2252 1423 2292; x_wconf 94' lang='lat'>1</span> <span class='ocrx_word' id='word_1_145' title='bbox 1473 2253 1623 2294; x_wconf 91' lang='lat' dir='ltr'>cum</span> <span class='ocrx_word' id='word_1_146' title='bbox 1670 2236 2000 2314; x_wconf 68' lang='grc' dir='ltr'><strong>ἐμάνθανον.</strong></span> <span class='ocrx_word' id='word_1_147' title='bbox 2053 2235 2424 2306; x_wconf 87' lang='lat' dir='ltr'>Praeterea,</span> <span class='ocrx_word' id='word_1_148' title='bbox 2472 2255 2621 2295; x_wconf 90' lang='lat' dir='ltr'>cum</span> <span class='ocrx_word' id='word_1_149' title='bbox 2658 2235 2949 2296; x_wconf 88' lang='lat' dir='ltr'>aoristus</span> <span class='ocrx_word' id='word_1_150' title='bbox 2999 2242 3067 2295; x_wconf 89' lang='lat' dir='ltr'>et</span> <span class='ocrx_word' id='word_1_151' title='bbox 3117 2254 3260 2316; x_wconf 87' lang='lat' dir='ltr'>per·</span> 
     </span>
     <span class='ocr_line' id='line_1_17' title="bbox 803 2339 3262 2423; baseline 0 -22"><span class='ocrx_word' id='word_1_152' title='bbox 803 2339 1046 2401; x_wconf 83' lang='lat' dir='ltr'>fectum</span> <span class='ocrx_word' id='word_1_153' title='bbox 1093 2341 1165 2401; x_wconf 91' lang='lat' dir='ltr'>in</span> <span class='ocrx_word' id='word_1_154' title='bbox 1211 2339 1426 2401; x_wconf 90' lang='lat' dir='ltr'>latino</span> <span class='ocrx_word' id='word_1_155' title='bbox 1484 2361 1794 2402; x_wconf 80' lang='lat' dir='ltr'>sermone</span> <span class='ocrx_word' id='word_1_156' title='bbox 1849 2341 2082 2402; x_wconf 90' lang='lat' dir='ltr'>eodem</span> <span class='ocrx_word' id='word_1_157' title='bbox 2126 2342 2326 2403; x_wconf 90' lang='lat' dir='ltr'>modo</span> <span class='ocrx_word' id='word_1_158' title='bbox 2379 2344 2933 2423; x_wconf 84' lang='lat' dir='ltr'>exprimerentur,</span> <span class='ocrx_word' id='word_1_159' title='bbox 2979 2362 3117 2404; x_wconf 94' lang='lat' dir='ltr'>non</span> <span class='ocrx_word' id='word_1_160' title='bbox 3159 2349 3262 2403; x_wconf 87' lang='lat' dir='ltr'>est</span> 
     </span>
     <span class='ocr_line' id='line_1_18' title="bbox 802 2447 3258 2531; baseline 0.002 -25"><span class='ocrx_word' id='word_1_161' title='bbox 802 2447 1047 2509; x_wconf 88' lang='lat' dir='ltr'>mirum</span> <span class='ocrx_word' id='word_1_162' title='bbox 1126 2447 1497 2521; x_wconf 80' lang='lat' dir='ltr'>RomanOS,</span> <span class='ocrx_word' id='word_1_163' title='bbox 1583 2448 1755 2509; x_wconf 89' lang='lat' dir='ltr'>sicut</span> <span class='ocrx_word' id='word_1_164' title='bbox 1830 2448 2195 2529; x_wconf 88' lang='lat' dir='ltr'>aliquando</span> <span class='ocrx_word' id='word_1_165' title='bbox 2268 2450 2454 2531; x_wconf 90' lang='lat' dir='ltr'>ipsos</span> <span class='ocrx_word' id='word_1_166' title='bbox 2534 2449 2855 2525; x_wconf 77' lang='lat' dir='ltr'>GraecoS,</span> <span class='ocrx_word' id='word_1_167' title='bbox 2942 2449 3258 2531; x_wconf 90' lang='lat' dir='ltr'>scripsise</span> 
     </span>
     <span class='ocr_line' id='line_1_19' title="bbox 800 2555 3254 2639; baseline 0 -25"><span class='ocrx_word' id='word_1_168' title='bbox 800 2557 1070 2638; x_wconf 65' lang='grc' dir='ltr'>πέπομφα</span> <span class='ocrx_word' id='word_1_169' title='bbox 1112 2557 1222 2634; x_wconf 83' lang='grc'><strong>(5),</strong></span> <span class='ocrx_word' id='word_1_170' title='bbox 1255 2563 1370 2614; x_wconf 83' lang='lat' dir='ltr'>aut</span> <span class='ocrx_word' id='word_1_171' title='bbox 1411 2557 1687 2639; x_wconf 69' lang='grc' dir='ltr'><strong>γέγραφεν</strong></span> <span class='ocrx_word' id='word_1_172' title='bbox 1737 2556 1849 2633; x_wconf 92' lang='grc'><strong>(6),</strong></span> <span class='ocrx_word' id='word_1_173' title='bbox 1893 2563 2010 2616; x_wconf 81' lang='lat' dir='ltr'>aut</span> <span class='ocrx_word' id='word_1_174' title='bbox 2052 2559 2433 2617; x_wconf 82' lang='grc' dir='ltr'>ἐπεστάλκετε</span> <span class='ocrx_word' id='word_1_175' title='bbox 2480 2558 2588 2637; x_wconf 72' lang='lat'>(7),</span> <span class='ocrx_word' id='word_1_176' title='bbox 2636 2564 2753 2617; x_wconf 81' lang='lat' dir='ltr'>aut</span> <span class='ocrx_word' id='word_1_177' title='bbox 2793 2558 3115 2617; x_wconf 79' lang='grc' dir='ltr'>ἐπέσταλκα</span> <span class='ocrx_word' id='word_1_178' title='bbox 3144 2555 3254 2635; x_wconf 85' lang='grc'><strong>(8),</strong></span> 
     </span>
     <span class='ocr_line' id='line_1_20' title="bbox 800 2658 3257 2744; baseline 0.002 -24"><span class='ocrx_word' id='word_1_179' title='bbox 800 2658 918 2720; x_wconf 92' lang='lat' dir='ltr'>ubi</span> <span class='ocrx_word' id='word_1_180' title='bbox 980 2661 1267 2722; x_wconf 86' lang='lat' dir='ltr'>aoristus</span> <span class='ocrx_word' id='word_1_181' title='bbox 1334 2662 1560 2743; x_wconf 87' lang='lat' dir='ltr'>potius</span> <span class='ocrx_word' id='word_1_182' title='bbox 1626 2670 2148 2744; x_wconf 80' lang='lat' dir='ltr'>exspectaretur.</span> <span class='ocrx_word' id='word_1_183' title='bbox 2214 2662 2424 2743; x_wconf 83' lang='lat' dir='ltr'>Quid!</span> <span class='ocrx_word' id='word_1_184' title='bbox 2488 2664 2568 2725; x_wconf 90' lang='lat' dir='ltr'>ln</span> <span class='ocrx_word' id='word_1_185' title='bbox 2634 2664 2864 2725; x_wconf 85' lang='lat' dir='ltr'>eadem</span> <span class='ocrx_word' id='word_1_186' title='bbox 2930 2663 3257 2725; x_wconf 89' lang='lat' dir='ltr'>sententia</span> 
     </span>
     <span class='ocr_line' id='line_1_21' title="bbox 801 2766 3260 2852; baseline 0.002 -27"><span class='ocrx_word' id='word_1_187' title='bbox 801 2776 1127 2847; x_wconf 84' lang='lat' dir='ltr'>apparent</span> <span class='ocrx_word' id='word_1_188' title='bbox 1175 2767 1510 2827; x_wconf 88' lang='lat' dir='ltr'>interdum</span> <span class='ocrx_word' id='word_1_189' title='bbox 1568 2775 1635 2828; x_wconf 84' lang='lat' dir='ltr'>et</span> <span class='ocrx_word' id='word_1_190' title='bbox 1682 2766 2052 2849; x_wconf 83' lang='lat' dir='ltr'>perfectum</span> <span class='ocrx_word' id='word_1_191' title='bbox 2094 2777 2162 2829; x_wconf 91' lang='lat' dir='ltr'>et</span> <span class='ocrx_word' id='word_1_192' title='bbox 2214 2769 2505 2830; x_wconf 87' lang='lat' dir='ltr'>aoristus</span> <span class='ocrx_word' id='word_1_193' title='bbox 2544 2789 2692 2829; x_wconf 91' lang='lat' dir='ltr'>cum</span> <span class='ocrx_word' id='word_1_194' title='bbox 2736 2768 2964 2831; x_wconf 83' lang='lat' dir='ltr'>verbis</span> <span class='ocrx_word' id='word_1_195' title='bbox 3013 2770 3260 2852; x_wconf 87' lang='lat' dir='ltr'>pariter</span> 
     </span>
     <span class='ocr_line' id='line_1_22' title="bbox 801 2871 3253 2959; baseline 0.002 -26"><span class='ocrx_word' id='word_1_196' title='bbox 801 2871 1168 2955; x_wconf 84' lang='lat' dir='ltr'>dispositiS,</span> <span class='ocrx_word' id='word_1_197' title='bbox 1232 2895 1449 2956; x_wconf 89' lang='lat' dir='ltr'>neque</span> <span class='ocrx_word' id='word_1_198' title='bbox 1511 2884 1729 2957; x_wconf 89' lang='lat' dir='ltr'>potest</span> <span class='ocrx_word' id='word_1_199' title='bbox 1803 2895 1970 2937; x_wconf 81' lang='lat' dir='ltr'>vera</span> <span class='ocrx_word' id='word_1_200' title='bbox 2029 2895 2265 2937; x_wconf 84' lang='lat' dir='ltr'>sensus</span> <span class='ocrx_word' id='word_1_201' title='bbox 2350 2874 2830 2938; x_wconf 88' lang='lat' dir='ltr'>dissimilitudo</span> <span class='ocrx_word' id='word_1_202' title='bbox 2904 2877 3253 2959; x_wconf 81' lang='lat' dir='ltr'>perpendi.</span> 
     </span>
     <span class='ocr_line' id='line_1_23' title="bbox 803 2973 3258 3067; baseline 0.001 -25"><span class='ocrx_word' id='word_1_203' title='bbox 803 2981 973 3042; x_wconf 82' lang='lat' dir='ltr'>Sicut</span> <span class='ocrx_word' id='word_1_204' title='bbox 1039 2981 1109 3041; x_wconf 87' lang='lat' dir='ltr'>in</span> <span class='ocrx_word' id='word_1_205' title='bbox 1183 2973 1258 3040; x_wconf 74' lang='grc' dir='ltr'>ὧν</span> <span class='ocrx_word' id='word_1_206' title='bbox 1331 2981 1592 3062; x_wconf 81' lang='grc' dir='ltr'><strong>[ἐ]κεῖναι</strong></span> <span class='ocrx_word' id='word_1_207' title='bbox 1630 2985 1638 3059; x_wconf 83' lang='grc' dir='ltr'>Ι</span> <span class='ocrx_word' id='word_1_208' title='bbox 1677 2989 1729 3042; x_wconf 85' lang='grc' dir='ltr'>αἱ</span> <span class='ocrx_word' id='word_1_209' title='bbox 1796 2985 1987 3050; x_wconf 85' lang='grc' dir='ltr'>πόλεις</span> <span class='ocrx_word' id='word_1_210' title='bbox 2073 2984 2400 3045; x_wconf 76' lang='grc' dir='ltr'>ἐπέστειλάν</span> <span class='ocrx_word' id='word_1_211' title='bbox 2462 3008 2554 3063; x_wconf 81' lang='grc' dir='ltr'>μοι</span> <span class='ocrx_word' id='word_1_212' title='bbox 2619 2990 2709 3045; x_wconf 87' lang='grc' dir='ltr'>καὶ</span> <span class='ocrx_word' id='word_1_213' title='bbox 2780 2984 2837 3053; x_wconf 80' lang='grc' dir='ltr'>ἐξ</span> <span class='ocrx_word' id='word_1_214' title='bbox 2890 2984 3017 3067; x_wconf 84' lang='grc' dir='ltr'><strong>[ὧ]ν</strong></span> <span class='ocrx_word' id='word_1_215' title='bbox 3103 2991 3258 3065; x_wconf 78' lang='grc' dir='ltr'>ὑμεῖς</span> 
     </span>
     <span class='ocr_line' id='line_1_24' title="bbox 804 3089 3259 3173; baseline 0.001 -24"><span class='ocrx_word' id='word_1_216' title='bbox 804 3090 1160 3173; x_wconf 75' lang='grc' dir='ltr'>γεγράφφατε</span> <span class='ocrx_word' id='word_1_217' title='bbox 1223 3094 1332 3169; x_wconf 83' lang='grc'><strong>(9),</strong></span> <span class='ocrx_word' id='word_1_218' title='bbox 1387 3089 1519 3149; x_wconf 90' lang='lat' dir='ltr'>nisi</span> <span class='ocrx_word' id='word_1_219' title='bbox 1561 3098 1785 3151; x_wconf 89' lang='lat' dir='ltr'>tamen</span> <span class='ocrx_word' id='word_1_220' title='bbox 1833 3089 2268 3151; x_wconf 89' lang='lat' dir='ltr'>subtilissime</span> <span class='ocrx_word' id='word_1_221' title='bbox 2315 3097 2624 3171; x_wconf 91' lang='lat' dir='ltr'>putemus</span> <span class='ocrx_word' id='word_1_222' title='bbox 2672 3092 3070 3172; x_wconf 89' lang='lat' dir='ltr'>scriptorem</span> <span class='ocrx_word' id='word_1_223' title='bbox 3129 3092 3259 3152; x_wconf 91' lang='lat' dir='ltr'>dis·</span> 
     </span>
     <span class='ocr_line' id='line_1_25' title="bbox 804 3194 3260 3279; baseline 0.002 -25"><span class='ocrx_word' id='word_1_224' title='bbox 804 3195 1056 3254; x_wconf 88' lang='lat' dir='ltr'>crimen</span> <span class='ocrx_word' id='word_1_225' title='bbox 1098 3194 1436 3275; x_wconf 86' lang='lat' dir='ltr'>quoddam</span> <span class='ocrx_word' id='word_1_226' title='bbox 1510 3194 1885 3276; x_wconf 82' lang='lat' dir='ltr'>dispexisse</span> <span class='ocrx_word' id='word_1_227' title='bbox 1944 3196 2120 3256; x_wconf 88' lang='lat' dir='ltr'>inter</span> <span class='ocrx_word' id='word_1_228' title='bbox 2165 3194 2571 3276; x_wconf 86' lang='lat' dir='ltr'>legationem</span> <span class='ocrx_word' id='word_1_229' title='bbox 2628 3198 2930 3278; x_wconf 79' lang='lat' dir='ltr'>fugacem</span> <span class='ocrx_word' id='word_1_230' title='bbox 2978 3206 3044 3259; x_wconf 88' lang='lat' dir='ltr'>et</span> <span class='ocrx_word' id='word_1_231' title='bbox 3094 3199 3260 3279; x_wconf 86' lang='lat' dir='ltr'>epis·-</span> 
     </span>
     <span class='ocr_line' id='line_1_26' title="bbox 801 3299 3257 3385; baseline 0.002 -25"><span class='ocrx_word' id='word_1_232' title='bbox 801 3300 1012 3361; x_wconf 89' lang='lat' dir='ltr'>tulam</span> <span class='ocrx_word' id='word_1_233' title='bbox 1079 3320 1483 3361; x_wconf 88' lang='lat' dir='ltr'>mansuram.</span> <span class='ocrx_word' id='word_1_234' title='bbox 1547 3299 1775 3383; x_wconf 90' lang='lat' dir='ltr'>Neque</span> <span class='ocrx_word' id='word_1_235' title='bbox 1861 3310 1965 3363; x_wconf 88' lang='lat' dir='ltr'>est</span> <span class='ocrx_word' id='word_1_236' title='bbox 2058 3303 2269 3382; x_wconf 85' lang='lat' dir='ltr'>magis</span> <span class='ocrx_word' id='word_1_237' title='bbox 2323 3303 2569 3363; x_wconf 74' lang='lat' dir='ltr'>mIrum</span> <span class='ocrx_word' id='word_1_238' title='bbox 2606 3347 2609 3351; x_wconf 61' lang='grc'><strong><em>«</em></strong></span> <span class='ocrx_word' id='word_1_239' title='bbox 2641 3302 2978 3365; x_wconf 85' lang='lat' dir='ltr'>Romanos</span> <span class='ocrx_word' id='word_1_240' title='bbox 3055 3304 3257 3385; x_wconf 91' lang='lat' dir='ltr'>paulo</span> 
     </span>
     <span class='ocr_line' id='line_1_27' title="bbox 805 3407 3261 3490; baseline 0.002 -22"><span class='ocrx_word' id='word_1_241' title='bbox 805 3408 1071 3488; x_wconf 87' lang='lat' dir='ltr'>saepius</span> <span class='ocrx_word' id='word_1_242' title='bbox 1128 3407 1779 3489; x_wconf 83' lang='lat' dir='ltr'>plusquamperfecto</span> <span class='ocrx_word' id='word_1_243' title='bbox 1837 3428 1997 3469; x_wconf 88' lang='lat' dir='ltr'>usos</span> <span class='ocrx_word' id='word_1_244' title='bbox 2041 3407 2246 3470; x_wconf 84' lang='lat' dir='ltr'>fuisse</span> <span class='ocrx_word' id='word_1_245' title='bbox 2289 3428 2493 3490; x_wconf 89' lang='lat' dir='ltr'>quam</span> <span class='ocrx_word' id='word_1_246' title='bbox 2540 3410 2777 3471; x_wconf 89' lang='lat' dir='ltr'>Graeci</span> <span class='ocrx_word' id='word_1_247' title='bbox 2823 3411 3133 3488; x_wconf 89' lang='lat' dir='ltr'>solerent,</span> <span class='ocrx_word' id='word_1_248' title='bbox 3193 3420 3261 3472; x_wconf 89' lang='lat' dir='ltr'>et</span> 
     </span>
     <span class='ocr_line' id='line_1_28' title="bbox 803 3514 3254 3597; baseline 0.002 -22"><span class='ocrx_word' id='word_1_249' title='bbox 803 3516 877 3576; x_wconf 91' lang='lat' dir='ltr'>in</span> <span class='ocrx_word' id='word_1_250' title='bbox 934 3515 1168 3576; x_wconf 88' lang='lat' dir='ltr'>eodem</span> <span class='ocrx_word' id='word_1_251' title='bbox 1224 3514 1421 3575; x_wconf 89' lang='lat' dir='ltr'>titulo</span> <span class='ocrx_word' id='word_1_252' title='bbox 1470 3515 1618 3595; x_wconf 88' lang='lat'>(10),</span> <span class='ocrx_word' id='word_1_253' title='bbox 1692 3535 1911 3596; x_wconf 89' lang='lat' dir='ltr'>neque</span> <span class='ocrx_word' id='word_1_254' title='bbox 1967 3535 2116 3576; x_wconf 90' lang='lat' dir='ltr'>cum</span> <span class='ocrx_word' id='word_1_255' title='bbox 2170 3535 2509 3597; x_wconf 89' lang='lat' dir='ltr'>quoquam</span> <span class='ocrx_word' id='word_1_256' title='bbox 2558 3535 2794 3578; x_wconf 86' lang='lat' dir='ltr'>sensus</span> <span class='ocrx_word' id='word_1_257' title='bbox 2847 3517 3254 3589; x_wconf 85' lang='lat' dir='ltr'>discrimine,</span> 
     </span>
    </p>
   </div>
   <div class='ocr_carea' id='block_1_3' title="bbox 808 3703 3333 4809">
    <p class='ocr_par' dir='ltr' id='par_1_4' title="bbox 900 3703 2741 3770">
     <span class='ocr_line' id='line_1_29' title="bbox 900 3703 2741 3770; baseline -0.001 -18"><span class='ocrx_word' id='word_1_258' title='bbox 900 3706 969 3763; x_wconf 83' lang='lat'>(1)</span> <span class='ocrx_word' id='word_1_259' title='bbox 1001 3705 1058 3753; x_wconf 90' lang='lat' dir='ltr'>V.</span> <span class='ocrx_word' id='word_1_260' title='bbox 1090 3704 1258 3756; x_wconf 52' lang='lat'>78:79.</span> <span class='ocrx_word' id='word_1_261' title='bbox 1282 3707 1439 3768; x_wconf 74' lang='grc' dir='ltr'>ἐσφρά</span> <span class='ocrx_word' id='word_1_262' title='bbox 1467 3712 1475 3764; x_wconf 86' lang='grc'>(</span> <span class='ocrx_word' id='word_1_263' title='bbox 1504 3722 1642 3768; x_wconf 63' lang='lat' dir='ltr'>*stoa-a,</span> <span class='ocrx_word' id='word_1_264' title='bbox 1677 3718 1733 3754; x_wconf 73' lang='grc' dir='ltr'><strong>ν.</strong></span> <span class='ocrx_word' id='word_1_265' title='bbox 1764 3703 2223 3769; x_wconf 43' lang='grc' dir='ltr'>893ἑσφρὰγισμαις</span> <span class='ocrx_word' id='word_1_266' title='bbox 2258 3718 2313 3754; x_wconf 86' lang='lat' dir='ltr'>v.</span> <span class='ocrx_word' id='word_1_267' title='bbox 2353 3705 2416 3754; x_wconf 79' lang='lat'>95</span> <span class='ocrx_word' id='word_1_268' title='bbox 2444 3703 2741 3770; x_wconf 70' lang='grc' dir='ltr'><strong>ἑσφρὰγικα.</strong></span> 
     </span>
    </p>

    <p class='ocr_par' dir='ltr' id='par_1_5' title="bbox 903 3785 1410 3846">
     <span class='ocr_line' id='line_1_30' title="bbox 903 3785 1410 3846; baseline -0.002 -14"><span class='ocrx_word' id='word_1_269' title='bbox 903 3786 967 3845; x_wconf 79' lang='grc'>(2)</span> <span class='ocrx_word' id='word_1_270' title='bbox 1004 3785 1088 3833; x_wconf 88' lang='lat' dir='ltr'>Sic</span> <span class='ocrx_word' id='word_1_271' title='bbox 1117 3785 1410 3846; x_wconf 83' lang='lat' dir='ltr'>Heberdey.</span> 
     </span>
    </p>

    <p class='ocr_par' dir='ltr' id='par_1_6' title="bbox 901 3863 1185 3923">
     <span class='ocr_line' id='line_1_31' title="bbox 901 3863 1185 3923; baseline 0.004 -11"><span class='ocrx_word' id='word_1_272' title='bbox 901 3863 965 3923; x_wconf 78' lang='lat'>‹3›</span> <span class='ocrx_word' id='word_1_273' title='bbox 1006 3865 1060 3914; x_wconf 88' lang='grc' dir='ltr'>Ρ.</span> <span class='ocrx_word' id='word_1_274' title='bbox 1101 3864 1185 3913; x_wconf 68' lang='grc'><strong>68.</strong></span> 
     </span>
    </p>

    <p class='ocr_par' dir='ltr' id='par_1_7' title="bbox 808 3945 3333 4168">
     <span class='ocr_line' id='line_1_32' title="bbox 904 3945 3258 4007; baseline 0.003 -15"><span class='ocrx_word' id='word_1_275' title='bbox 904 3946 973 4005; x_wconf 86' lang='grc'><strong>(4)</strong></span> <span class='ocrx_word' id='word_1_276' title='bbox 1006 3945 1152 4005; x_wconf 90' lang='lat' dir='ltr'>Quod</span> <span class='ocrx_word' id='word_1_277' title='bbox 1186 3946 1499 4007; x_wconf 82' lang='lat' dir='ltr'>exemplum</span> <span class='ocrx_word' id='word_1_278' title='bbox 1537 3946 1685 3993; x_wconf 86' lang='lat' dir='ltr'>nullo</span> <span class='ocrx_word' id='word_1_279' title='bbox 1714 3945 1870 3993; x_wconf 90' lang='lat' dir='ltr'>modo</span> <span class='ocrx_word' id='word_1_280' title='bbox 1900 3945 2127 3994; x_wconf 86' lang='lat' dir='ltr'>latinum</span> <span class='ocrx_word' id='word_1_281' title='bbox 2160 3957 2465 3994; x_wconf 80' lang='lat' dir='ltr'>sermonem</span> <span class='ocrx_word' id='word_1_282' title='bbox 2497 3946 2723 4004; x_wconf 81' lang='lat' dir='ltr'>redolet.</span> <span class='ocrx_word' id='word_1_283' title='bbox 2753 3961 2878 3996; x_wconf 86' lang='lat' dir='ltr'>cum</span> <span class='ocrx_word' id='word_1_284' title='bbox 2915 3950 2968 3996; x_wconf 89' lang='lat' dir='ltr'>in</span> <span class='ocrx_word' id='word_1_285' title='bbox 3019 3950 3258 3998; x_wconf 81' lang='lat' dir='ltr'>Macedo-</span> 
     </span>
     <span class='ocr_line' id='line_1_33' title="bbox 810 4022 3333 4089; baseline 0.002 -16"><span class='ocrx_word' id='word_1_286' title='bbox 810 4037 941 4073; x_wconf 88' lang='lat' dir='ltr'>num</span> <span class='ocrx_word' id='word_1_287' title='bbox 971 4024 1217 4087; x_wconf 81' lang='lat' dir='ltr'>epistulis</span> <span class='ocrx_word' id='word_1_288' title='bbox 1237 4026 1381 4074; x_wconf 88' lang='lat' dir='ltr'>idem</span> <span class='ocrx_word' id='word_1_289' title='bbox 1403 4025 1627 4089; x_wconf 70' lang='grc' dir='ltr'><strong>ὑγίαινον</strong></span> <span class='ocrx_word' id='word_1_290' title='bbox 1654 4024 1808 4074; x_wconf 80' lang='lat' dir='ltr'>initio</span> <span class='ocrx_word' id='word_1_291' title='bbox 1836 4025 2196 4086; x_wconf 83' lang='lat' dir='ltr'>epistularum</span> <span class='ocrx_word' id='word_1_292' title='bbox 2221 4026 2399 4075; x_wconf 85' lang='lat' dir='ltr'>notari</span> <span class='ocrx_word' id='word_1_293' title='bbox 2428 4027 2610 4088; x_wconf 78' lang='lat' dir='ltr'>possit.</span> <span class='ocrx_word' id='word_1_294' title='bbox 2650 4026 2780 4075; x_wconf 87' lang='lat' dir='ltr'>Vide</span> <span class='ocrx_word' id='word_1_295' title='bbox 2805 4028 3014 4084; x_wconf 84' lang='lat' dir='ltr'>Michel.</span> <span class='ocrx_word' id='word_1_296' title='bbox 3043 4028 3259 4078; x_wconf 81' lang='lat' dir='ltr'>Recueil</span> <span class='ocrx_word' id='word_1_297' title='bbox 3326 4022 3333 4029; x_wconf 82' lang='grc'><strong>’</strong></span> 
     </span>
     <span class='ocr_line' id='line_1_34' title="bbox 808 4105 3184 4168; baseline 0.003 -13"><span class='ocrx_word' id='word_1_298' title='bbox 808 4107 1205 4168; x_wconf 82' lang='lat' dir='ltr'>d’inscriptions</span> <span class='ocrx_word' id='word_1_299' title='bbox 1234 4117 1513 4168; x_wconf 76' lang='lat' dir='ltr'>grecqueS,</span> <span class='ocrx_word' id='word_1_300' title='bbox 1541 4105 1603 4154; x_wconf 77' lang='lat'>45</span> <span class='ocrx_word' id='word_1_301' title='bbox 1625 4106 1688 4166; x_wconf 76' lang='lat' dir='ltr'>A,</span> <span class='ocrx_word' id='word_1_302' title='bbox 1711 4119 1764 4154; x_wconf 86' lang='lat' dir='ltr'>v.</span> <span class='ocrx_word' id='word_1_303' title='bbox 1795 4105 1869 4163; x_wconf 72' lang='lat'>123</span> <span class='ocrx_word' id='word_1_304' title='bbox 1904 4105 1965 4154; x_wconf 74' lang='lat'>45</span> <span class='ocrx_word' id='word_1_305' title='bbox 1993 4106 2044 4158; x_wconf 88' lang='grc' dir='ltr'>Β,</span> <span class='ocrx_word' id='word_1_306' title='bbox 2079 4119 2128 4153; x_wconf 88' lang='lat' dir='ltr'>v.</span> <span class='ocrx_word' id='word_1_307' title='bbox 2160 4106 2217 4165; x_wconf 82' lang='lat'>73</span> <span class='ocrx_word' id='word_1_308' title='bbox 2242 4106 2302 4155; x_wconf 76' lang='lat'>43</span> <span class='ocrx_word' id='word_1_309' title='bbox 2331 4106 2384 4164; x_wconf 89' lang='lat' dir='ltr'>B,</span> <span class='ocrx_word' id='word_1_310' title='bbox 2420 4119 2469 4155; x_wconf 86' lang='lat' dir='ltr'>v.</span> <span class='ocrx_word' id='word_1_311' title='bbox 2495 4106 2580 4166; x_wconf 84' lang='lat'>19;</span> <span class='ocrx_word' id='word_1_312' title='bbox 2603 4106 2665 4156; x_wconf 75' lang='lat'>45</span> <span class='ocrx_word' id='word_1_313' title='bbox 2694 4107 2749 4161; x_wconf 85' lang='lat' dir='ltr'>C.</span> <span class='ocrx_word' id='word_1_314' title='bbox 2782 4121 2832 4156; x_wconf 86' lang='lat' dir='ltr'>v.</span> <span class='ocrx_word' id='word_1_315' title='bbox 2855 4108 2913 4168; x_wconf 79' lang='lat'>23</span> <span class='ocrx_word' id='word_1_316' title='bbox 2939 4109 3018 4164; x_wconf 81' lang='grc'>49,</span> <span class='ocrx_word' id='word_1_317' title='bbox 3049 4123 3098 4159; x_wconf 86' lang='lat' dir='ltr'>v.</span> <span class='ocrx_word' id='word_1_318' title='bbox 3129 4110 3184 4163; x_wconf 86' lang='lat'>3.</span> 
     </span>
    </p>

    <p class='ocr_par' dir='ltr' id='par_1_8' title="bbox 904 4184 2915 4252">
     <span class='ocr_line' id='line_1_35' title="bbox 904 4184 2915 4252; baseline -0 -17"><span class='ocrx_word' id='word_1_319' title='bbox 904 4186 974 4248; x_wconf 78' lang='lat'>(5)</span> <span class='ocrx_word' id='word_1_320' title='bbox 1009 4186 1068 4235; x_wconf 92' lang='lat' dir='ltr'>N.</span> <span class='ocrx_word' id='word_1_321' title='bbox 1102 4184 1206 4248; x_wconf 83' lang='lat'>20,</span> <span class='ocrx_word' id='word_1_322' title='bbox 1241 4201 1299 4250; x_wconf 78' lang='lat'>93</span> <span class='ocrx_word' id='word_1_323' title='bbox 1328 4184 1428 4247; x_wconf 80' lang='lat'>93,</span> <span class='ocrx_word' id='word_1_324' title='bbox 1474 4201 1548 4242; x_wconf 82' lang='grc' dir='ltr'>ιο,</span> <span class='ocrx_word' id='word_1_325' title='bbox 1586 4186 1775 4249; x_wconf 81' lang='lat'>¹8·.¹9;</span> <span class='ocrx_word' id='word_1_326' title='bbox 1807 4185 1875 4234; x_wconf 77' lang='lat' dir='ltr'>cf.</span> <span class='ocrx_word' id='word_1_327' title='bbox 1907 4185 2010 4246; x_wconf 82' lang='lat'>58,</span> <span class='ocrx_word' id='word_1_328' title='bbox 2053 4201 2125 4251; x_wconf 85' lang='lat'>¹3·</span> <span class='ocrx_word' id='word_1_329' title='bbox 2158 4199 2283 4236; x_wconf 87' lang='lat' dir='ltr'>cum</span> <span class='ocrx_word' id='word_1_330' title='bbox 2308 4187 2495 4235; x_wconf 81' lang='lat' dir='ltr'>eodem</span> <span class='ocrx_word' id='word_1_331' title='bbox 2516 4200 2677 4236; x_wconf 84' lang='lat' dir='ltr'>sensu</span> <span class='ocrx_word' id='word_1_332' title='bbox 2708 4188 2915 4252; x_wconf 78' lang='grc' dir='ltr'>ἔπενψα,</span> 
     </span>
    </p>

    <p class='ocr_par' dir='ltr' id='par_1_9' title="bbox 906 4264 1336 4328">
     <span class='ocr_line' id='line_1_36' title="bbox 906 4264 1336 4328; baseline -0.007 -12"><span class='ocrx_word' id='word_1_333' title='bbox 906 4267 973 4328; x_wconf 88' lang='grc'>(6)</span> <span class='ocrx_word' id='word_1_334' title='bbox 1009 4267 1070 4316; x_wconf 88' lang='grc' dir='ltr'>Ν.</span> <span class='ocrx_word' id='word_1_335' title='bbox 1102 4264 1206 4324; x_wconf 84' lang='grc'>93,</span> <span class='ocrx_word' id='word_1_336' title='bbox 1248 4281 1336 4313; x_wconf 88' lang='lat'>20.</span> 
     </span>
    </p>

    <p class='ocr_par' dir='ltr' id='par_1_10' title="bbox 816 4343 3260 4488">
     <span class='ocr_line' id='line_1_37' title="bbox 907 4343 3260 4413; baseline 0.003 -17"><span class='ocrx_word' id='word_1_337' title='bbox 907 4347 975 4407; x_wconf 87' lang='grc'>(7)</span> <span class='ocrx_word' id='word_1_338' title='bbox 1010 4347 1074 4397; x_wconf 88' lang='lat' dir='ltr'>N.</span> <span class='ocrx_word' id='word_1_339' title='bbox 1103 4344 1243 4407; x_wconf 77' lang='lat'>132,</span> <span class='ocrx_word' id='word_1_340' title='bbox 1285 4345 1355 4393; x_wconf 88' lang='lat'>111</span> <span class='ocrx_word' id='word_1_341' title='bbox 1395 4347 1457 4406; x_wconf 84' lang='grc' dir='ltr'>Α,</span> <span class='ocrx_word' id='word_1_342' title='bbox 1500 4361 1552 4409; x_wconf 83' lang='lat'>¹5</span> <span class='ocrx_word' id='word_1_343' title='bbox 1587 4343 1910 4395; x_wconf 76' lang='grc' dir='ltr'>ἐπεστάλκετε</span> <span class='ocrx_word' id='word_1_344' title='bbox 1954 4347 2170 4396; x_wconf 82' lang='lat' dir='ltr'>videtur</span> <span class='ocrx_word' id='word_1_345' title='bbox 2207 4360 2323 4396; x_wconf 86' lang='lat' dir='ltr'>csse</span> <span class='ocrx_word' id='word_1_346' title='bbox 2366 4360 2463 4409; x_wconf 86' lang='lat' dir='ltr'>pro</span> <span class='ocrx_word' id='word_1_347' title='bbox 2509 4346 2869 4407; x_wconf 49' lang='lat' dir='ltr'>execratum</span> <span class='ocrx_word' id='word_1_348' title='bbox 2901 4350 2968 4399; x_wconf 85' lang='lat' dir='ltr'>de</span> <span class='ocrx_word' id='word_1_349' title='bbox 2995 4353 3260 4413; x_wconf 76' lang='lat' dir='ltr'>ejusmodi</span> 
     </span>
     <span class='ocr_line' id='line_1_38' title="bbox 816 4424 1894 4488; baseline -0.001 -13"><span class='ocrx_word' id='word_1_350' title='bbox 816 4428 1204 4477; x_wconf 79' lang='lat' dir='ltr'>mutationibus</span> <span class='ocrx_word' id='word_1_351' title='bbox 1229 4426 1352 4474; x_wconf 84' lang='lat' dir='ltr'>vide</span> <span class='ocrx_word' id='word_1_352' title='bbox 1380 4425 1670 4488; x_wconf 86' lang='lat' dir='ltr'>Dieterich,</span> <span class='ocrx_word' id='word_1_353' title='bbox 1700 4438 1753 4487; x_wconf 90' lang='lat' dir='ltr'>p.</span> <span class='ocrx_word' id='word_1_354' title='bbox 1783 4424 1894 4475; x_wconf 75' lang='lat'>239.</span> 
     </span>
    </p>

    <p class='ocr_par' dir='ltr' id='par_1_11' title="bbox 909 4506 1514 4572">
     <span class='ocr_line' id='line_1_39' title="bbox 909 4506 1514 4572; baseline 0.002 -16"><span class='ocrx_word' id='word_1_355' title='bbox 909 4510 974 4565; x_wconf 73' lang='grc'>(8)</span> <span class='ocrx_word' id='word_1_356' title='bbox 1014 4508 1078 4560; x_wconf 88' lang='lat' dir='ltr'>N.</span> <span class='ocrx_word' id='word_1_357' title='bbox 1110 4506 1250 4561; x_wconf 78' lang='lat'>134,</span> <span class='ocrx_word' id='word_1_358' title='bbox 1279 4507 1342 4555; x_wconf 93' lang='lat' dir='ltr'>1v</span> <span class='ocrx_word' id='word_1_359' title='bbox 1371 4510 1433 4567; x_wconf 83' lang='lat' dir='ltr'>A,</span> <span class='ocrx_word' id='word_1_360' title='bbox 1464 4523 1514 4572; x_wconf 84' lang='lat'>3.</span> 
     </span>
    </p>

    <p class='ocr_par' dir='ltr' id='par_1_12' title="bbox 818 4585 3333 4731">
     <span class='ocr_line' id='line_1_40' title="bbox 911 4585 3333 4656; baseline 0.002 -19"><span class='ocrx_word' id='word_1_361' title='bbox 911 4590 978 4648; x_wconf 80' lang='grc'>(9)</span> <span class='ocrx_word' id='word_1_362' title='bbox 1013 4588 1071 4636; x_wconf 89' lang='grc' dir='ltr'>Ν.</span> <span class='ocrx_word' id='word_1_363' title='bbox 1098 4589 1205 4645; x_wconf 77' lang='lat'>45,</span> <span class='ocrx_word' id='word_1_364' title='bbox 1227 4585 1324 4635; x_wconf 79' lang='grc' dir='ltr'>ΧΠ</span> <span class='ocrx_word' id='word_1_365' title='bbox 1365 4587 1415 4641; x_wconf 83' lang='lat' dir='ltr'>E,</span> <span class='ocrx_word' id='word_1_366' title='bbox 1452 4602 1498 4634; x_wconf 82' lang='lat'>2.</span> <span class='ocrx_word' id='word_1_367' title='bbox 1536 4586 1893 4636; x_wconf 83' lang='lat' dir='ltr'>Meisterhans</span> <span class='ocrx_word' id='word_1_368' title='bbox 1919 4589 2139 4649; x_wconf 78' lang='lat' dir='ltr'>quidem</span> <span class='ocrx_word' id='word_1_369' title='bbox 2178 4590 2319 4651; x_wconf 71' lang='lat' dir='ltr'>apud</span> <span class='ocrx_word' id='word_1_370' title='bbox 2357 4590 2500 4651; x_wconf 83' lang='lat' dir='ltr'>ipsos</span> <span class='ocrx_word' id='word_1_371' title='bbox 2530 4590 2736 4638; x_wconf 72' lang='lat' dir='ltr'>Atticos</span> <span class='ocrx_word' id='word_1_372' title='bbox 2774 4591 3016 4651; x_wconf 82' lang='lat' dir='ltr'>ejusdem</span> <span class='ocrx_word' id='word_1_373' title='bbox 3050 4597 3265 4656; x_wconf 80' lang='lat' dir='ltr'>generis</span> <span class='ocrx_word' id='word_1_374' title='bbox 3319 4632 3333 4641; x_wconf 73' lang='grc'>,</span> 
     </span>
     <span class='ocr_line' id='line_1_41' title="bbox 818 4665 2246 4731; baseline -0.001 -13"><span class='ocrx_word' id='word_1_375' title='bbox 818 4681 948 4718; x_wconf 82' lang='lat' dir='ltr'>usus</span> <span class='ocrx_word' id='word_1_376' title='bbox 979 4670 1178 4718; x_wconf 80' lang='lat' dir='ltr'>mixtos</span> <span class='ocrx_word' id='word_1_377' title='bbox 1204 4668 1428 4726; x_wconf 76' lang='lat' dir='ltr'>invenit,</span> <span class='ocrx_word' id='word_1_378' title='bbox 1453 4679 1502 4729; x_wconf 92' lang='lat' dir='ltr'>p.</span> <span class='ocrx_word' id='word_1_379' title='bbox 1539 4665 1657 4726; x_wconf 66' lang='lat'>2053</span> <span class='ocrx_word' id='word_1_380' title='bbox 1692 4666 1760 4715; x_wconf 75' lang='lat' dir='ltr'>ct.</span> <span class='ocrx_word' id='word_1_381' title='bbox 1787 4667 2021 4719; x_wconf 80' lang='lat' dir='ltr'>Thuiub.</span> <span class='ocrx_word' id='word_1_382' title='bbox 2056 4683 2089 4731; x_wconf 89' lang='lat' dir='ltr'>p</span> <span class='ocrx_word' id='word_1_383' title='bbox 2140 4669 2246 4718; x_wconf 80' lang='lat'>153.</span> 
     </span>
    </p>

    <p class='ocr_par' dir='ltr' id='par_1_13' title="bbox 910 4748 1212 4809">
     <span class='ocr_line' id='line_1_42' title="bbox 910 4748 1212 4809; baseline 0.013 -13"><span class='ocrx_word' id='word_1_384' title='bbox 910 4748 1012 4809; x_wconf 83' lang='grc'><strong>(10)</strong></span> <span class='ocrx_word' id='word_1_385' title='bbox 1043 4749 1108 4799; x_wconf 88' lang='lat' dir='ltr'>N.</span> <span class='ocrx_word' id='word_1_386' title='bbox 1148 4749 1212 4800; x_wconf 75' lang='lat'>7.</span> 
     </span>
    </p>
   </div>
   <div class='ocr_carea' id='block_1_4' title="bbox 3672 897 3674 4226">
    <p class='ocr_par' dir='ltr' id='par_1_14' title="bbox 3672 897 3674 4226">
     <span class='ocr_line' id='line_1_43' title="bbox 3672 897 3674 4226; baseline 0 0"><span class='ocrx_word' id='word_1_387' title='bbox 3672 897 3674 4226; x_wconf 95' lang='lat' dir='ltr'> </span> 
     </span>
    </p>
   </div>
  </div>
 </body>
</html>
