3692 5750
1374 575 1464 617 nn
1508 575 1638 619 Usu
1680 575 2079 618 ‘mumolum
2850 577 2920 639 71

475 754 656 810 nent.
723 764 801 806 ac
863 721 1262 827 praesertim
1338 744 1425 807 ad
1479 765 1588 808 res
1640 745 1903 808 fiscales
1971 748 2103 824 (ι);
2177 765 2260 807 ex
2334 744 2582 828 quibus
2656 755 2930 829 apparet

476 853 847 935 principem
892 853 1182 915 maxima
1225 852 1696 914 benevolentia
1739 854 1812 915 in
1856 853 2187 934 ejusmodi
2233 853 2436 915 rebus
2470 874 2663 915 usum
2697 856 2925 915 luisse.

484 957 749 1038 Quibus
792 959 1096 1041 epistulis
1153 979 1292 1026 non
1349 968 1452 1021 est
1504 980 1626 1021 cur
1677 969 1988 1022 nostrum
2043 980 2111 1022 n.
2167 961 2313 1022 36
2363 959 2560 1022 aliter
2610 960 2746 1022 nisi
2800 981 2931 1022 me-

485 1067 738 1128 moriae
788 1086 990 1128 causa
1047 1067 1508 1148 adjungamus.
1563 1066 1737 1129 Nam
1790 1068 1955 1129 haec
2009 1086 2331 1150 papyruS,
2386 1076 2462 1130 ut
2507 1067 2740 1150 liquet,
2792 1077 2935 1130 tan-

484 1180 625 1233 tum
689 1179 834 1234 erat
917 1173 1299 1255 exemplum
1357 1173 1729 1255 scripturae
1781 1173 1869 1235 ad
1927 1173 2198 1235 scholae
2254 1173 2538 1257 alicujus
2591 1194 2812 1247 usum,
2871 1184 2937 1237 et

487 1298 569 1341 ex
637 1278 967 1361 epistulae
1035 1279 1249 1361 ipsius
1305 1281 1610 1342 oratione
1681 1280 2115 1344 manifestum
2184 1290 2287 1343 est
2347 1282 2698 1344 materiam
2763 1283 2937 1344 nihil

489 1405 634 1452 esse
689 1386 826 1448 nisi
882 1387 1473 1468 amplificationem
1525 1407 1774 1472 vanam
1824 1388 1908 1450 de
1976 1388 2213 1449 mortis
2279 1407 2395 1471 spe
2459 1396 2525 1450 et
2581 1389 2666 1451 de
2726 1398 2939 1454 aetate

492 1512 625 1574 qua
667 1501 984 1575 parentes
1023 1493 1352 1555 Hadriani
1392 1494 1641 1556 mortui
1682 1494 1837 1557 sint.
1889 1494 2015 1556 Sin
2051 1495 2258 1577 igitur
2293 1495 2376 1557 de
2415 1494 2738 1557 Hadriani
2767 1498 2944 1559 veris

490 1600 801 1682 epistulis
864 1600 1349 1677 concludimuS,
1418 1601 1817 1664 adducimur
1883 1610 1954 1662 ut
2020 1601 2413 1684 colligamus
2477 1622 2592 1665 eas
2660 1602 2824 1666 boni
2881 1614 2946 1666 et

491 1706 839 1789 diligentis
881 1707 1208 1788 principis
1255 1727 1422 1784 esse,
1483 1708 1604 1770 sed
1654 1708 1982 1784 oratione,
2033 1709 2346 1790 quamvis
2387 1710 2759 1786 emendata,
2809 1719 2945 1773 tam

492 1814 668 1876 sicca
737 1824 804 1876 et
866 1822 1023 1884 tam,
1087 1823 1161 1876 ut
1226 1815 1317 1875 ita
1377 1814 1619 1886 dicam,
1690 1815 1912 1877 colore
1974 1815 2140 1877 orba
2213 1816 2487 1879 indutas
2551 1837 2718 1888 esse,
2787 1827 2863 1880 ut
2905 1839 2947 1880 a

493 1921 732 1983 scribis
790 1920 1142 2004 quibusvis
1202 1921 1488 1983 fortasse
1533 1923 1814 2005 graeciS,
1874 1942 1996 1984 nec
2068 1923 2305 1984 saltem
2379 1924 2667 1986 nimium
2723 1927 2947 2006 graeci

497 2030 829 2091 sermonis
904 2029 1179 2111 ignaris,
1260 2049 1400 2091 non
1464 2037 1686 2091 autem
1763 2049 1801 2090 a
1875 2030 2179 2112 principe
2243 2032 2392 2113 ipso
2458 2031 2741 2115 scriptae
2806 2053 2952 2095 esse

499 2136 874 2198 videantur.

618 2243 945 2306 Antonini
1015 2242 1119 2305 Pii
1194 2244 1521 2326 epistulae
1594 2243 1975 2327 complures
2040 2264 2306 2327 quoque
2374 2253 2661 2318 exstant,
2736 2266 2955 2329 neque

501 2358 600 2413 oet
646 2370 764 2412 cnr
818 2349 903 2411 ab
945 2350 1073 2411 hoc
1120 2351 1422 2433 principe
1473 2351 1806 2413 Hadriani
1863 2352 2380 2415 consuetudines
2436 2356 2708 2415 omnino
2755 2355 2957 2415 omis-

503 2478 611 2520 sas
680 2476 828 2520 esse
900 2466 1235 2540 putemus.
1297 2458 1484 2521 Inter
1537 2478 1652 2521 eas
1715 2458 1989 2540 quidem
2056 2479 2227 2542 quae
2290 2460 2379 2521 ad
2448 2480 2656 2523 unum
2733 2462 2957 2523 virum

506 2567 868 2647 pertinent,
924 2573 1153 2627 noster
1207 2585 1273 2627 n.
1340 2566 1485 2629 59
1543 2573 1679 2627 tam
1760 2566 2029 2628 sobrius
2081 2575 2147 2629 et
2202 2576 2341 2629 tam
2411 2568 2635 2630 inanis
2690 2568 2959 2630 videtur

507 2682 578 2736 ut
623 2673 883 2755 aliquid
928 2673 1164 2734 incerti
1210 2673 1283 2735 in
1338 2671 1807 2754 supplemento
1846 2671 1989 2735 fere
2037 2674 2394 2736 manifesto
2440 2694 2709 2736 manere
2751 2673 2962 2736 liben-

507 2791 608 2843 ter
661 2780 1123 2842 existimemus
1169 2781 1278 2858 (α).
1356 2778 1724 2862 Pleraeque
1785 2799 1949 2841 vero
2012 2779 2322 2862 publicae
2379 2780 2703 2863 epistulae
2754 2780 2958 2863 paulo

507 2891 829 2972 majorem
893 2888 1405 2971 amplitudinem
1462 2888 1787 2970 praebent
1857 2908 2057 2971 quam
2130 2887 2478 2950 Hadriano
2558 2878 2954 2970 imperante.

506 2996 606 3059 Ex
675 2995 943 3078 quibua,
1001 3004 1075 3057 ut
1125 3003 1386 3057 tantum
1441 2995 1836 3078 praecipuas
1901 3014 2433 3077 percenseamuS,
2499 3003 2638 3057 tres
2692 2994 2780 3057 ad
2833 2995 2960 3058 Ve-

507 3104 689 3165 dium
761 3102 1175 3164 Antoninum
1249 3101 1570 3174 attinent,
1648 3102 1767 3182 qui
1846 3101 2176 3183 Ephesios
2259 3103 2584 3165 aedificiis
2670 3102 2959 3186 publicis

510 3210 902 3280 donaverat,
982 3209 1088 3270 cui
1157 3209 1485 3270 beneficio
1541 3208 1815 3291 quidem
1886 3208 2145 3270 incolae
2198 3230 2337 3271 non
2409 3210 2574 3270 satis
2645 3228 2958 3291 magnam

509 3319 585 3380 in
629 3317 869 3399 primis
917 3317 1205 3397 gratiam
1251 3316 1639 3378 retulerant.
1694 3315 1999 3396 Quarum
2050 3336 2182 3377 una
2214 3316 2298 3395 (3)
2351 3317 2683 3399 Ephesios
2735 3316 2957 3398 objur-

508 3425 710 3508 gabat
765 3424 848 3487 de
903 3424 1169 3505 ingrato
1225 3423 1481 3495 animo;
1541 3422 1713 3486 duae
1785 3441 1946 3484 vero
2003 3421 2176 3484 aliae
2221 3424 2306 3501 (4)
2364 3423 2451 3484 ad
2505 3423 2576 3484 id
2625 3424 2957 3505 respicere

505 3531 822 3594 videntur
876 3530 1060 3613 quod
1114 3528 1373 3592 incolae
1424 3528 1770 3611 paululum
1822 3529 2065 3611 agendi
2118 3530 2446 3592 rationem
2502 3538 2946 3593 mutaverant.

506 3640 680 3704 Sunt
715 3646 1061 3722 praeterea
1102 3637 1435 3718 plurimae
1474 3635 1803 3698 Antonini
1831 3636 2164 3718 epistulae
2208 3656 2382 3719 quae
2420 3637 2508 3698 ad
2544 3637 2955 3718 Opramoam

509 3745 1153 3828 Rhodiapolitanum
1207 3744 1562 3825 pertinent.
1626 3743 1750 3805 Hic
1792 3743 2086 3825 quidem,
2136 3751 2366 3826 utpote
2416 3744 2525 3806 vir
2578 3744 2959 3807 munificen-

509 3856 831 3926 tissimus,
887 3871 1151 3934 semper
1221 3869 1438 3912 novos
1486 3871 1526 3911 a
1597 3848 1817 3930 Lyciis
1873 3850 2165 3912 honores
2224 3851 2617 3931 accipiebat.
2671 3852 2958 3914 Evenire

501 3982 671 4028 ,vero
737 3960 959 4042 potuit
1011 3968 1088 4020 ut
1140 3977 1414 4040 praeses
1461 3958 1850 4040 provinciae
1915 3958 2031 4039 qui
2082 3956 2241 4019 illos
2312 3958 2599 4040 probare
2673 3959 2955 4031 solebat,

508 4067 838 4152 quosdam
922 4065 1318 4128 confirmare
1391 4064 1546 4126 ideo
1620 4064 1832 4126 nollet
1904 4065 2087 4146 quod
2147 4072 2336 4126 extra
2409 4067 2958 4130 consuetudinem

606 4330 676 4391 (1)
711 4331 772 4381 N.
807 4328 904 4391 18,
941 4328 1038 4389 19,
1076 4325 1182 4389 20,
1217 4325 1321 4388 23,
1362 4324 1464 4376 33.

605 4412 675 4472 (2)
711 4415 779 4469 ὡς
813 4408 1075 4475 tuumque-73
1118 4408 1192 4467 (v.
1229 4408 1305 4468 10)
1360 4411 1542 4458 tamen
1594 4419 1654 4456 ea
1707 4407 2017 4456 condicione
2077 4407 2319 4471 Intellegl
2369 4411 2564 4471 potest,
2612 4409 2658 4459 si
2707 4409 2961 4472 Eurycles

514 4493 668 4555 prius
702 4494 961 4553 tanquam
996 4489 1277 4551 improbus
1309 4490 1405 4537 aut
1457 4487 1756 4536 inurbanus
1807 4486 1992 4548 homo,
2040 4487 2181 4536 male
2230 4502 2259 4536 a
2308 4488 2648 4538 PanhellenIo
2711 4493 2963 4553 acceptus

512 4573 724 4632 fuisset,
757 4571 900 4634 quod
934 4569 1163 4619 fortasse
1197 4570 1448 4631 princeps
1482 4566 1928 4629 reprehenderat.
1963 4567 2040 4617 Cf.
2077 4579 2130 4616 n.
2170 4566 2257 4616 54
2285 4568 2351 4618 de
2387 4568 2550 4618 Vedio
2583 4571 2869 4620 Antonino.

610 4650 681 4713 (3)
714 4652 774 4700 Ν.
812 4648 920 4701 54:

607 4732 677 4791 (4)
711 4731 770 4780 N.
808 4729 892 4781 55
926 4732 982 4779 et
1016 4726 1120 4780 56.
