3692 5750
1423 1151 1745 1247 PARS
1866 1152 1896 1244 I

893 1434 1131 1507 QUI
1234 1435 1876 1502 FUERINT
1971 1436 2412 1502 TITULI

744 1501 812 1524 d

1275 1678 1624 1756 (Calalogus
1664 1681 2012 1752 titulorum)

746 2312 1326 2369 IMPERATORUM
1363 2312 1801 2368 EplsTULAE
1838 2312 2188 2371 ALIAQUE
2222 2312 2578 2370 SCRIPTA.

561 2569 642 2628 1.
700 2566 1005 2648 Epistula
1059 2567 1143 2628 ab
1202 2568 1511 2648 Augusto
1561 2566 1647 2628 ad
1674 2566 2095 2646 Mylasenses
2147 2567 2417 2647 scripta,
2471 2565 2572 2645 (31
2635 2566 2719 2630 A.
2779 2564 2888 2645 C.)

434 2672 605 2735 Vide
664 2671 945 2735 Viereck
1001 2693 1068 2734 n.
1125 2672 1238 2747 vl,
1285 2682 1353 2735 et
1406 2672 1651 2734 abhinc
1700 2673 1867 2735 Ditt.
1927 2671 2123 2754 Syll.’
2179 2693 2246 2737 n.
2308 2671 2449 2735 350.

555 2890 655 2953 2.
710 2888 1021 2970 Epistula
1081 2889 1165 2950 ab
1246 2889 1548 2971 Augusto
1625 2891 1876 2970 scripta
1950 2891 2037 2951 ad
2117 2890 2310 2952 Eresi
2394 2889 2653 2953 incolas
2734 2899 2888 2971 post

433 3006 717 3058 mortem
820 2996 1144 3078 Agrippae
1218 2999 1394 3078 (quae
1493 2997 1734 3057 accidit
1820 3016 1893 3057 12
1974 2998 2060 3057 A.
2144 2996 2252 3077 C.)
2324 2996 2621 3058 Titulum
2697 2996 2886 3058 Eresi

430 3111 771 3184 repertum
822 3103 1037 3165 edidit
1094 3101 1264 3176 IMA
1320 3103 1388 3163 II
1444 3124 1513 3165 n.
1575 3103 1712 3164 531.
1778 3103 2119 3185 Perpauca
2174 3112 2460 3166 exstant.

557 3320 658 3382 3.
713 3318 1019 3400 Epistula
1071 3318 1156 3380 ab
1187 3320 1497 3400 Augusto
1554 3318 1642 3380 ad
1690 3318 1967 3381 Cnidios
2025 3319 2275 3400 scripta
2328 3324 2397 3401 (9
2443 3319 2526 3381 A.
2584 3318 2657 3381 C.
2665 3323 2692 3399 )
2721 3319 2887 3381 Vide

432 3427 738 3497 Viereek,
803 3447 871 3488 n.
927 3425 1037 3500 lx,
1094 3435 1180 3502 et,
1238 3426 1502 3498 abhinc,
1560 3426 1727 3489 Ditt.
1790 3425 1988 3506 Syll.⁸
2045 3446 2110 3488 n.
2168 3425 2328 3489 356.

554 3636 660 3698 4.
714 3634 1019 3717 Epistula
1073 3634 1159 3696 ab
1202 3633 1506 3717 Augusto
1576 3633 1663 3695 ad
1716 3633 2163 3714 Mitylenaeos
2214 3635 2484 3716 scripta,
2560 3635 2740 3696 intra
2809 3654 2885 3715 27

438 3751 504 3803 et
554 3743 630 3804 25
688 3743 770 3804 A.
834 3743 907 3805 C.
968 3741 1139 3803 Vide
1211 3741 1498 3804 Viereck
1564 3761 1630 3803 n.
1710 3740 1922 3802 XXXI
1973 3740 2382 3821 (Addenda).
2444 3740 2545 3803 Cf.
2620 3761 2888 3823 quoque

436 3870 502 3911 n.
558 3849 751 3922 XXX,
806 3869 874 3910 V.
938 3847 1038 3910 13-
1045 3849 1141 3926 14,
1200 3869 1276 3910 ac
1331 3847 1591 3910 XXXII.

558 3974 822 4055 Quibus
870 3974 1083 4035 titulis
1129 3993 1268 4036 non
1312 3982 1414 4035 est
1462 3973 1673 4042 locus,
1742 3984 1818 4036 ut
1859 3974 2150 4042 videtur,
2203 3974 2612 4056 adjungendi
2657 3972 2888 4034 Monu-

430 4083 640 4143 menti
699 4081 1042 4162 Ancyrani
1089 4083 1275 4163 cujus
1331 4082 1592 4162 species
1637 4080 2161 4163 haudquaquam
2231 4081 2466 4143 eadem
2532 4089 2633 4143 est
2687 4088 2886 4161 atque

427 4188 887 4270 epistularum.
936 4187 1038 4251 De
1086 4208 1244 4270 quo,
1294 4187 1620 4270 alioquin,
1672 4187 1828 4250 vide
1872 4187 2179 4258 Viereek,
2230 4209 2295 4270 p.
2363 4190 2442 4250 85
2494 4208 2644 4273 sqq.

458 4466 465 4470 .
556 4406 620 4468 5
707 4405 1014 4487 Epistula
1069 4426 1108 4466 a
1158 4395 1431 4467 Tiberio
1500 4405 1586 4467 ad
1637 4405 1812 4467 Coos
1888 4406 2155 4488 scripta,
2241 4407 2314 4467 15
2367 4406 2449 4467 A.
2512 4405 2595 4467 D.
2659 4405 2890 4468 Edidit

436 4512 646 4574 Paton
702 4512 837 4575 and
912 4513 1145 4584 Hicks,
1207 4512 1416 4574 Inscr.
1494 4512 1572 4574 os
1619 4513 1774 4588 Cos,
1835 4533 1901 4594 p.
1963 4513 2066 4590 40,
2127 4533 2193 4576 n.
2253 4514 2352 4574 25.
2427 4512 2630 4595 Apud
2712 4513 2888 4575 hunc

437 4620 685 4682 librum
742 4619 901 4682 vide
967 4620 1051 4681 de
1106 4621 1369 4701 origine
1423 4620 1621 4681 tituli.

557 4745 765 4826 Cujus
821 4744 1201 4827 exemplum
1259 4744 1688 4825 subjicimus:
