3692 5750
710 615 829 658 XIV
1730 614 2034 658 Pnoolml
2043 615 2140 657 ΗΜ

711 809 947 854 errare
1007 787 1161 853 sine
1221 787 1444 853 dubio
1515 808 1809 853 neeesse
1869 787 2143 863 fuisset,
2204 786 2341 852 nisi
2407 785 2882 883 peritissimos
2945 786 3167 851 duces

712 902 1226 992 imperitissimi
1317 902 1453 991 ipsi
1523 903 2075 969 invenissemus,
2161 902 2498 969 Officium
2585 902 2880 989 quidem
2974 901 3168 968 haud

713 1042 1050 1108 asperum
1111 1019 1568 1108 explebimus
1635 1019 1693 1085 si
1750 1020 1981 1086 doctis
2050 1020 2221 1085 viris
2306 1018 2568 1101 gratias
2643 1018 3169 1085 reddiderimus

713 1137 837 1224 qui
877 1157 1014 1203 nos
1047 1145 1169 1202 aut
1214 1136 1304 1201 ad
1358 1135 1541 1201 hanc
1595 1156 1893 1223 operam
1941 1135 2334 1201 ineundam
2381 1134 2763 1223 disciplina
2808 1156 2936 1201 sua
2968 1155 3170 1223 para-

712 1253 970 1329 verint,
1034 1261 1157 1318 aut
1210 1252 1298 1317 ad
1361 1251 1887 1316 conficiendam
1952 1250 2255 1317 consilio
2327 1250 2752 1339 adjuverint.
2840 1251 3170 1334 Quorum

711 1368 789 1435 in
871 1388 1176 1434 numero
1260 1375 1429 1432 sunt
1510 1388 1674 1431 cum
1742 1366 2294 1433 eminentissimi
2363 1377 2435 1434 et
2511 1366 2901 1433 Facultatis
2977 1367 3169 1434 Pari-

715 1484 974 1551 siensis
1079 1494 1151 1550 et
1252 1482 1556 1548 Scholae
1661 1482 1994 1548 Aliorum
2074 1483 2489 1549 Studiorum
2584 1483 2817 1548 dictae
2896 1484 3170 1571 profes·

717 1621 917 1667 sores
978 1602 1104 1685 (1),
1170 1608 1320 1664 tum
1398 1597 1857 1664 doctissimus
1922 1619 2177 1665 suasor
2233 1598 2461 1664 nostri
2538 1599 2777 1686 operis
2831 1600 2919 1666 G.
2993 1598 3175 1666 Fou-

716 1718 920 1801 geres
985 1716 1187 1801 eujus
1254 1735 1524 1779 nomen
1605 1712 1807 1780 initio
1890 1714 2101 1801 hujus
2161 1696 2390 1781 libelli
2455 1715 3017 1803 haudquaquam
3085 1736 3172 1781 eo

715 1832 910 1917 digni
965 1829 1395 1897 inscribitur.
1472 1829 1637 1895 Alia
1696 1851 1990 1917 quoque
2054 1831 2378 1916 ejusdem
2439 1831 2723 1916 generis
2773 1831 2998 1915 gratia
3055 1832 3174 1897 tri·

716 1948 1005 2014 buenda
1060 1956 1168 2012 est
1228 1946 1314 2011 iis
1385 1945 1585 2011 libris
1648 1947 1840 2035 apud
1900 1967 2086 2035 quos
2168 1955 2236 2012 et
2310 1947 2614 2033 catalogi
2682 1956 2754 2013 et
2813 1947 3171 2037 epitomae

717 2043 1090 2130 titulorum
1138 2073 1463 2129 recenter
1511 2062 1974 2129 inventorum
2029 2062 2487 2152 reperiuntur
2536 2066 2660 2150 (α).
2715 2063 2882 2131 Νο11
2940 2064 3178 2131 50111111

717 2201 890 2248 vero
949 2180 1040 2246 ad
1101 2200 1187 2246 ea
1245 2200 1383 2246 nos
1442 2178 1822 2245 retulimus
1891 2200 2078 2267 quae
2147 2179 2248 2246 ibi
2326 2180 2760 2260 indicantur,
2833 2181 2961 2247 sed
3039 2180 3180 2271 ipsi

723 2296 1042 2385 syllogas
1116 2305 1189 2362 et
1267 2316 1570 2384 corpora
1639 2295 1975 2361 evolvere
2060 2295 2423 2363 voluimus
2506 2319 2816 2384 quorum
2881 2298 3180 2364 nomina

721 2422 872 2479 tum
911 2411 988 2478 in
1044 2410 1573 2499 bibliographia
1621 2420 1869 2477 nostra
1917 2421 2066 2477 tum
2127 2411 2204 2478 in
2254 2413 2792 2501 comparatione
2845 2435 3177 2481 numero-

719 2550 880 2595 rum
927 2528 1416 2617 proferuntur.
1490 2527 1669 2593 Inde
1717 2537 1875 2593 orta
1922 2536 2031 2593 est
2077 2527 2252 2594 Pars
2302 2529 2332 2595 I
2380 2530 2609 2596 nostri
2677 2530 2940 2620 operiS‚
2993 2551 3179 2619 quae

720 2644 989 2729 legenti
1057 2645 1462 2729 catalogum
1531 2643 1743 2710 oss'ert
1822 2643 2217 2723 titulorum,
2295 2645 2420 2711 ubi
2486 2645 2834 2735 epistulas
2890 2646 3180 2736 proprie

692 2754 949 2827 ‘dictas
1007 2760 1424 2850 saepissime
1489 2761 1579 2826 ad
1635 2759 1938 2826 verbum
2001 2761 2395 2850 exscriptas
2452 2761 2934 2848 adjunximus.

857 2878 967 2945 De
1016 2876 1207 2944 notis
1270 2876 1712 2944 brevissimis
1778 2877 2070 2956 nostris,
2141 2899 2222 2944 ae
2277 2879 2368 2944 de
2425 2877 2758 2945 Partibus
2812 2879 2879 2945 II
2955 2889 3026 2946 et
3076 2879 3180 2946 111

723 2993 903 3060 nihil
990 2992 1335 3071 (1166111115,
1413 3003 1923 3082 praeterquam
2017 3013 2153 3059 nos
2252 3015 2405 3060 non
2485 3016 2738 3061 verum
2817 3016 3179 3062 commen·

724 3109 985 3176 tarium
1059 3110 1351 3176 adortos
1412 3129 1571 3174 esse
1644 3107 1771 3194 (3).
1865 3108 2150 3174 Etenim
2210 3108 2346 3175 hoc
2402 3109 2550 3176 fere
2617 3120 2894 3177 tantum
2968 3110 3181 3178 nobis

727 3225 804 3291 in
845 3224 1086 3291 animo
1131 3234 1305 3301 erat,
1363 3245 1447 3289 ea
1496 3223 1763 3309 legenti
1826 3233 1950 3289 aut
2000 3223 2318 3290 indicare
2371 3236 2494 3292 aut
2543 3226 2891 3312 subjicere
2952 3227 3180 3293 oculis

727 3361 913 3430 quae
956 3340 1110 3429 ipse
1167 3360 1377 3425 aegre
1440 3349 1512 3406 et
1578 3339 1883 3406 fortasse
1940 3338 2200 3406 frustra
2247 3342 2442 3430 apud
2492 3342 2902 3430 complures
2955 3342 3180 3410 libros

726 3454 1220 3544 quaesivisset.
1293 3455 1658 3532 Attamen,
1736 3455 1912 3520 dum
1965 3454 2140 3521 haec
2207 3456 2681 3541 aggredimur,
2739 3457 2930 3523 haud
2982 3468 3181 3526 extra

727 3572 969 3639 locum
1045 3570 1260 3638 nobis
1319 3570 1556 3637 visum
1622 3579 1731 3637 est
1791 3580 1864 3636 et
1919 3570 2191 3648 titulos,
2266 3573 2612 3662 temporis
2678 3573 2933 3640 ordine
3000 3596 3184 3641 sum·

726 3687 977 3755 matim
1044 3697 1351 3764 servam,
1432 3685 1818 3775 disponere
1902 3687 2004 3772 (4)
2088 3695 2159 3752 et
2236 3688 2741 3777 supplementa
2824 3689 3182 3757 editorum

823 3906 892 3967 (1)
928 3906 1076 3955 111161
1107 3918 1245 3968 quos
1286 3904 1631 3970 gratissimae
1661 3903 1882 3965 quidem
1930 3905 1985 3953 et
2027 3904 2266 3953 maxime
2311 3906 2649 3954 verecundae
2700 3908 2782 3955 est
2824 3907 3185 3957 recordationi

731 3986 790 4036 B.
847 3985 1216 4036 Haussoullier
1266 3998 1335 4034 ex
1375 3997 1483 4047 quo
1515 3982 1896 4046 epigraphicae
1928 3983 2182 4033 scientiae
2247 3984 2513 4035 elementa
2575 3987 2977 4049 praestringere
3031 3988 3185 4036 nobis

724 4068 968 4131 contigit.

823 4147 894 4208 (2)
930 4146 1219 4208 Praecipue
1250 4144 1514 4208 quidquid
1562 4144 1616 4192 in
1651 4143 1900 4193 Bursiani
1931 4142 2409 4195 Jahresberichten
2451 4147 2506 4194 et
2552 4146 2606 4194 in
2638 4146 2819 4197 Revue
2863 4148 2959 4197 des
2986 4133 3186 4197 studes

731 4241 1011 4292 grecques,
1041 4229 1097 4277 et
1115 4227 1170 4275 in
1193 4226 1374 4275 Revue
1393 4225 1461 4274 de
1480 4222 1792 4286 Philologie,
1814 4226 1870 4273 61
1899 4225 1955 4271 111
1983 4224 2247 4273 Wilckeni
2281 4226 2502 4275 Archiv.
2525 4226 2615 4275 fur
2651 4227 3186 4291 Papyrusiorschung

730 4310 796 4370 (1,
833 4309 1063 4372 Leipzig,
1101 4306 1389 4367 1900-1901)
1433 4306 1502 4355 de
1541 4304 1985 4367 inscriptionibus
2035 4306 2324 4369 papyrisve
2371 4309 2614 4370 reperire
2646 4312 2747 4358 est.
2782 4309 2921 4359 Num
2971 4322 3186 4372 quoque

732 4390 1021 4439 dicendum
1055 4390 1139 4437 eat
1172 4388 1239 4436 de
1270 4386 1493 4450 optimis
1525 4399 1587 4435 ac
1621 4385 1920 4435 notissimis
1940 4384 2299 4449 epigraphicis
2319 4387 2670 4444 enchiridiis‘?

830 4469 897 4531 13)
933 4471 1040 4519 Hoc
1078 4464 1299 4517 libellus
1338 4470 1525 4517 noster
1553 4480 1583 4516 a
1619 4462 1763 4514 libro
1801 4465 2069 4514 Viereckii
2103 4466 2338 4516 multum
2373 4469 2559 4525 distat,
2595 4469 2688 4519 ubi
2720 4470 3092 4520 doctissimum
3126 4483 3187 4520 ac

733 4552 847 4602 iere
874 4550 1182 4601 absolutum
1217 4548 1674 4598 commentarium
1714 4546 1892 4608 legere
1924 4558 2229 4609 possumus.

826 4631 896 4696 (4)
930 4631 1193 4693 Tempora
1233 4629 1453 4692 quidem
1500 4628 1739 4677 maxime
1780 4626 2099 4689 probabilia,
2143 4628 2235 4676 sed
2271 4631 2486 4680 tantum
2530 4643 2597 4680 ex
2643 4631 2873 4681 aliorum
2916 4646 3189 4682 commen-

734 4714 890 4763 tariis
941 4711 1299 4775 praebemus,
1346 4710 1547 4773 quippe
1609 4710 1705 4771 qui
1760 4706 2181 4770 haudquaquam
2245 4709 2300 4757 in
2363 4710 2718 4761 historiarum
2776 4714 3186 4764 scribendarum

733 4794 955 4844 scientia
990 4803 1293 4842 versemur.
