3692 5750
823 589 846 630 1
863 571 936 630 16
1857 589 2226 631 ‹toscuism

813 760 907 821 ita
962 760 1182 822 facilis
1233 769 1300 821 et
1350 759 1575 821 mollis
1631 769 1696 822 et
1742 780 2027 821 canorus
2082 758 2507 842 loquentibus
2565 759 2947 835 videbatur,
3006 767 3080 819 ut
3130 779 3263 820 ser-

811 886 1079 928 monem
1151 867 1434 928 latinum
1511 868 1704 948 quasi
1771 867 2009 928 durum
2065 876 2130 928 ct
2196 865 2553 927 barbarum
2618 886 2697 927 ex
2769 868 3264 948 comparatione

809 973 1121 1035 omnibus
1173 974 1571 1036 ostenderet.
1635 974 1832 1053 Quod
1910 974 2178 1056 quidem
2258 972 2541 1035 Romani
2616 973 2743 1054 ipsi
2805 993 2943 1035 non
3013 975 3263 1055 perspi-

807 1101 956 1143 cere
1002 1102 1138 1142 non
1181 1090 1527 1176 poterant,
1580 1091 1642 1141 et
1691 1081 1898 1142 iidem
1952 1082 2065 1162 qui
2119 1090 2387 1142 senatus
2440 1079 2746 1141 consulta
2790 1080 2930 1141 fere
2978 1080 3259 1142 barbare

805 1189 1286 1251 transtulerant
1332 1198 1446 1250 aut
1501 1188 1629 1250 sibi
1681 1186 1935 1250 scribas
1994 1189 2078 1267 (1)
2127 1197 2265 1248 tam
2314 1189 2567 1269 peritos
2611 1187 3093 1268 adjungebant.
3148 1195 3262 1248 aut

802 1297 931 1378 ipsi
988 1298 1082 1358 ita
1130 1318 1367 1379 graece
1426 1297 1720 1359 scribere
1776 1305 2154 1377 coeperant,
2218 1304 2293 1357 ut
2348 1297 2615 1357 atticam
2667 1295 3073 1376 elegantiam
3120 1315 3259 1356 non

801 1405 1004 1465 semel
1059 1406 1128 1465 in
1186 1425 1415 1466 eorum
1472 1405 1737 1486 scriptis
1809 1405 2245 1486 r⁸epe1iamus,

919 1511 1114 1575 Unde
1173 1511 1415 1573 sactum
1447 1519 1643 1573 estut
1701 1531 1921 1572 sermo
1964 1531 2242 1592 graecus
2290 1511 2528 1573 horum
2578 1475 2998 1571 saeculorum
3046 1509 3256 1572 multo

796 1621 1015 1681 minus
1098 1619 1497 1681 latinitatem
1553 1617 1891 1680 redoleret
1960 1637 2160 1698 quam
2219 1638 2341 1678 nos
2425 1626 2810 1700 exspectare
2881 1636 3001 1697 par
3056 1625 3250 1677 esset.

793 1728 894 1789 De
941 1728 1063 1788 hac
1118 1736 1342 1788 tamen
1388 1726 1714 1787 latinitate
1768 1725 2093 1807 quaedam
2141 1746 2407 1807 quoque
2458 1725 2653 1787 nobis
2704 1723 3019 1802 colligere
3072 1722 3247 1784 lieet.

791 1834 1078 1896 Neronis
1162 1834 1435 1916 quidem
1511 1844 1576 1897 et
1660 1835 1984 1915 epistulas
2057 1843 2122 1895 et
2201 1835 2571 1896 orationem
2646 1833 2727 1894 ab
2811 1834 2962 1893 aliis
3037 1831 3255 1892 titulis

791 1953 914 1993 nos
944 1936 1295 2015 sejungere
1328 1942 1610 2015 oportet,
1644 1933 1896 2014 quippe
1950 1953 2120 2014 quae
2146 1953 2295 1993 eum
2338 1933 2657 2014 jactantia
2692 1935 2916 2015 aliqua
2969 1940 3251 2020 scriptae

791 2039 947 2100 sint.
1051 2039 1119 2101 Si
1212 2059 1374 2100 vero
1435 2038 1759 2101 Hadriani
1840 2047 1906 2099 et
1987 2039 2312 2100 Antonini
2408 2041 2734 2121 epistulas
2829 2043 3246 2126 inspicimuS‚
3307 2062 3315 2071 ·

785 2148 1103 2229 jejunitas
1153 2167 1383 2209 earum
1429 2148 1654 2229 potius
1711 2145 1910 2207 nobis
1968 2148 2307 2208 notatione
2356 2148 2559 2228 digna
2605 2150 2739 2210 erit
2786 2170 2987 2230 quam
3038 2153 3248 2213 nimia

790 2255 1129 2327 latinitas;
1199 2253 1281 2315 de
1337 2254 1760 2336 paucissimis
1821 2273 1984 2315 vero
2049 2256 2501 2336 posteriorum
2558 2255 2770 2317 titulis
2828 2257 2954 2318 hoc
3013 2259 3246 2320 saltem

791 2361 1155 2423 notandum
1211 2370 1312 2422 est
1361 2361 1625 2442 regulas
1672 2362 1895 2443 graeci
1949 2364 2277 2424 sermonis
2351 2364 2569 2444 potius
2636 2363 2984 2424 observari
3049 2385 3247 2445 quam

792 2468 1054 2531 violari.
1155 2468 1403 2529 Eadem
1491 2467 1630 2529 fere
1703 2469 1770 2528 in
1844 2470 2356 2550 magistratuum
2449 2469 2759 2549 epistulis
2833 2471 3246 2552 deprehendi

791 2584 1098 2656 possunt⁸
1156 2595 1277 2636 nec
1326 2576 1698 2657 quidquam
1741 2577 2122 2637 summatim
2181 2576 2264 2637 de
2322 2576 2442 2637 illo
2499 2598 2535 2638 «
2587 2597 2829 2659 graeco
2885 2599 2920 2638 »
2968 2579 3245 2659 publico

791 2681 1016 2763 colligi
1069 2689 1292 2763 potest
1343 2682 1480 2742 nisi

916 2820 973 2868 1⁰
1016 2807 1409 2870 Sermonem
1477 2807 1686 2868 multo
1772 2807 2252 2890 elegantiorem
2326 2830 2473 2871 esse
2550 2810 2620 2871 in
2704 2812 2959 2872 nostris
3031 2811 3245 2872 titulis

792 2936 990 2999 quam
1042 2917 1114 2977 in
1179 2924 1446 2977 senatus
1503 2916 1851 2991 consultis,
1916 2925 1982 2978 et
2032 2917 2435 2997 generaliter
2497 2918 2568 2979 in
2627 2918 2845 2981 titulis
2905 2919 3244 2981 similibus

792 3024 1159 3107 superioris
1207 3024 1484 3095 aetatis;

912 3163 973 3209 2⁰
1016 3147 1403 3210 Sermonem
1501 3147 1609 3207 hic
1702 3148 1812 3208 vix
1911 3149 2124 3230 magis
2196 3159 2587 3233 corruptum
2669 3171 2817 3214 esse
2899 3173 3099 3233 quam
3173 3155 3246 3215 in

793 3256 1031 3317 ceteris
1088 3254 1383 3335 ejusdem
1435 3256 1759 3335 temporis
1818 3256 2226 3317 Graecorum
2284 3258 2551 3340 scriptis
2615 3259 2745 3337 (2);

906 3380 975 3441 3⁰
1017 3381 1353 3450 Attamen,
1413 3380 1595 3461 quod
1646 3380 1731 3441 ad
1796 3390 2155 3461 syntaxeos
2229 3392 2445 3444 artem
2525 3385 2824 3457 attineat,
2909 3385 3241 3465 quaedam

794 3489 1003 3550 latina
1054 3487 1425 3563 observari,
1485 3507 1564 3549 ea
1619 3508 1784 3550 vero
1842 3489 1985 3569 ejus
2040 3497 2317 3551 naturae
2372 3509 2519 3551 esse
2573 3500 2649 3551 ut
2702 3489 2875 3551 nihil
2939 3492 3244 3553 mansuri

792 3594 1158 3679 praebeant
1185 3615 1200 3665 ;

2918 3688 2943 3718 Β

912 3722 975 3798 40
1044 3719 1242 3800 Quod
1286 3719 1369 3779 ad
1424 3720 1866 3781 imitationem
1924 3721 2278 3781 verborum
2337 3742 2375 3781 a
2432 3719 2751 3782 Romanis
2820 3731 3240 3804 sumptorum

792 3829 1139 3910 pertineat,
1215 3846 1388 3887 nova
1435 3815 1758 3907 quaedam
1834 3827 1945 3887 hie
2001 3827 2295 3889 inveniri
2361 3848 2531 3909 quae
2600 3831 2932 3909 posterius
2988 3831 3057 3890 in
3106 3850 3240 3890 ser-

790 3956 986 3997 mone
1038 3955 1274 4016 graeco
1323 3953 1637 3994 mansura
1695 3934 1847 4003 sint,
1903 3934 2030 3995 hoc
2079 3954 2239 3996 vero
2288 3935 2553 3995 minimi
2605 3937 2925 3997 momenti
2981 3955 3127 3997 esse
3182 3936 3239 3995 si

790 4052 1091 4125 tempora
1137 4062 1256 4104 seu
1305 4042 1556 4124 priora,
1617 4062 1735 4103 seu
1783 4041 2105 4103 inferiora
2163 4042 2548 4104 consideres
2595 4043 2664 4103 in
2717 4043 2963 4124 quibus
3030 4043 3240 4104 multa

788 4151 995 4212 verba
1038 4151 1178 4211 sive
1223 4150 1307 4211 de
1360 4148 1763 4211 exercitibus
1818 4148 2167 4225 ducendiS‚
2231 4150 2373 4210 sive
2416 4149 2499 4211 de
2536 4151 2687 4232 jure
2740 4149 3042 4219 dicend0‚
3092 4151 3235 4212 sive

787 4259 870 4320 de
924 4256 1452 4319 administranda
1511 4256 1874 4339 republica,
1948 4256 2095 4321 sive
2154 4256 2236 4318 de
2300 4256 2630 4338 religione
2679 4257 3045 4319 christiana
3101 4277 3235 4318 ser-

875 4502 942 4562 (1)
976 4502 1050 4551 De
1065 4500 1150 4551 his
1165 4502 1376 4558 scribla.
1397 4501 1521 4551 vide
1545 4512 1728 4563 supra,
1756 4513 1807 4563 p.
1843 4499 1927 4549 55.

873 4581 938 4643 (2)
975 4582 1523 4645 Exeiplendifortasse
1550 4583 1677 4631 sunt
1699 4581 1842 4630 tituli
1870 4581 2017 4631 tertii
2034 4581 2232 4630 saeculi
2258 4583 2378 4643 post
2401 4581 2697 4643 Christum,
2721 4594 2955 4643 quorum
2982 4580 3230 4629 nonnulli

775 4664 884 4724 jam
920 4663 1266 4726 Byzantinam
1308 4664 1541 4715 aetatem
1572 4663 1844 4712 nuntiant.
1875 4662 2101 4723 uivere,
2134 4664 2196 4711 ut
2220 4662 2472 4722 vidimus„
2496 4662 2955 4725 pauclssimisunt
2994 4661 3223 4723 inventi,

773 4744 1092 4806 praesertlm
1122 4745 1264 4806 quod
1295 4745 1360 4792 ad
1391 4743 1650 4806 epistulas
1682 4744 1900 4795 attinet.
