3692 5750
854 568 878 610 1
895 551 968 610 16
1889 570 2258 612 CONCLUSIO

844 739 938 799 ita
993 738 1213 800 facilis
1265 749 1332 802 et
1382 739 1607 801 mollis
1663 748 1728 803 et
1774 761 2059 802 canorus
2113 740 2540 823 loquentibus
2598 741 2979 816 videbatur,
3037 750 3113 803 ut
3161 762 3292 802 ser-

843 865 1110 908 monem
1182 846 1463 908 latinum
1543 848 1736 928 quasi
1803 848 2043 909 durum
2096 857 2161 908 et
2228 846 2585 909 barbarum
2650 868 2729 909 ex
2802 850 3295 931 comparatione

841 953 1153 1015 omnibus
1205 953 1602 1016 ostenderet.
1666 954 1865 1034 Quod
1942 955 2212 1036 quidem
2288 954 2574 1017 Romani
2648 956 2777 1036 ipsi
2836 976 2973 1017 non
3040 959 3293 1038 perspi-

838 1081 987 1123 cere
1035 1082 1170 1122 non
1213 1070 1558 1155 poterant,
1611 1071 1672 1122 et
1724 1061 1929 1122 iidem
1982 1062 2098 1142 qui
2150 1071 2419 1123 senatus
2472 1062 2777 1123 consulta
2823 1062 2962 1123 sere
3009 1063 3291 1125 barbare

835 1169 1317 1230 transtulerant
1361 1178 1477 1231 aut
1531 1169 1660 1230 sibi
1712 1168 1966 1230 scribas
2025 1171 2109 1248 (1)
2158 1179 2297 1230 tam
2344 1170 2599 1251 peritos
2643 1170 3125 1250 adjungebant,
3179 1178 3293 1230 aut

833 1277 960 1357 ipsi
1019 1278 1112 1339 ita
1162 1298 1397 1359 graece
1457 1277 1751 1339 scribere
1808 1287 2186 1359 coeperant,
2248 1286 2324 1340 ut
2380 1278 2647 1338 atticam
2698 1277 3104 1358 elegantiam
3152 1297 3291 1338 non

831 1383 1034 1445 semel
1089 1386 1161 1446 in
1216 1405 1447 1446 eorum
1503 1385 1768 1466 scriptis
1838 1386 2276 1467 reperiamus,

950 1492 1144 1555 Unde
1203 1491 1445 1554 sactum
1478 1500 1673 1553 estut
1732 1512 1951 1554 sermo
1995 1513 2273 1573 graecus
2318 1493 2561 1554 horum
2609 1493 3029 1553 saeculorum
3079 1493 3288 1554 multo

827 1601 1046 1661 minus
1127 1598 1526 1661 latinitatem
1582 1598 1921 1661 redoleret
1991 1619 2191 1680 quam
2247 1620 2371 1660 nos
2457 1608 2840 1681 exspectare
2910 1619 3032 1680 par
3088 1609 3283 1660 esset..

823 1707 924 1769 De
973 1708 1094 1769 hac
1149 1716 1370 1769 tamen
1416 1706 1743 1767 latinitate
1798 1707 2125 1788 quaedam
2172 1728 2438 1789 quoque
2488 1707 2684 1769 nobis
2734 1706 3050 1786 colligere
3103 1705 3279 1768 lieet.

821 1814 1109 1877 Neronis
1192 1815 1464 1897 quidem
1540 1825 1607 1877 et
1690 1816 2013 1897 epistulas
2087 1825 2153 1877 et
2231 1817 2601 1878 orationem
2676 1815 2758 1876 ab
2841 1816 2992 1876 aliis
3067 1814 3286 1875 titulis

820 1934 944 1985 nos
974 1916 1325 1996 sejungere
1358 1923 1639 1995 oportet,
1674 1914 1926 1995 quippe
1981 1935 2150 1995 quae
2175 1936 2324 1975 cum
2368 1916 2688 1996 jactantia
2723 1918 2947 1998 aliqua
3000 1923 3283 2003 scriptae

822 2019 978 2080 sint.
1082 2019 1149 2080 Si
1243 2040 1404 2081 vero
1464 2021 1788 2082 Hadriani
1871 2029 1936 2080 et
2017 2022 2343 2082 Antonini
2438 2024 2765 2104 epistulas
2858 2026 3279 2107 inspicimuS,
3336 2045 3345 2054 ·

814 2128 1132 2209 jejunitas
1184 2146 1414 2190 earum
1458 2129 1684 2210 potius
1743 2127 1939 2189 nobis
1998 2130 2337 2191 notatione
2386 2130 2589 2210 digna
2635 2133 2769 2193 crit
2815 2132 3017 2213 quam
3069 2135 3279 2196 nimia

819 2235 1159 2307 latinitas;
1229 2234 1311 2295 de
1365 2236 1789 2316 paucissimis
1850 2255 2013 2297 vero
2081 2239 2531 2317 posteriorum
2588 2238 2799 2299 titulis
2858 2240 2984 2301 hoc
3042 2242 3277 2303 saltem

821 2342 1186 2402 notandum
1240 2350 1341 2403 cst
1391 2342 1654 2423 regulas
1702 2344 1922 2424 graeci
1978 2346 2306 2405 sermonis
2381 2345 2599 2426 potius
2666 2344 3012 2408 observari
3079 2368 3277 2428 quam

821 2447 1084 2511 violari.
1183 2447 1433 2508 Eadem
1521 2447 1660 2510 sere
1731 2450 1800 2509 in
1874 2452 2385 2531 magistratuum
2479 2451 2788 2531 epistulis
2862 2453 3277 2534 deprehendi

821 2563 1126 2636 possunt,
1186 2575 1306 2616 nec
1355 2555 1726 2637 quidquam
1770 2559 2151 2619 summatim
2209 2558 2293 2619 de
2352 2558 2472 2619 illo
2529 2580 2563 2620 «
2616 2579 2858 2641 gracco
2912 2581 2948 2620 »
3000 2561 3277 2642 publico

821 2661 1046 2743 colligi
1098 2669 1321 2742 potest
1373 2663 1509 2723 nisi

944 2800 1002 2848 1⁰
1045 2786 1439 2850 Sermonem
1507 2788 1715 2849 multo
1802 2788 2281 2870 elegantiorem
2356 2811 2503 2854 esse
2579 2793 2649 2854 in
2733 2795 2987 2855 nostris
3058 2793 3277 2856 titulis

820 2915 1020 2978 quam
1071 2897 1143 2957 in
1207 2905 1476 2957 senatus
1532 2897 1880 2973 consulti8‚
1945 2907 2010 2959 et
2061 2899 2463 2980 generaliter
2528 2900 2596 2960 in
2657 2900 2873 2963 titulis
2933 2901 3274 2963 similibus

821 3004 1188 3086 superioris
1235 3004 1513 3075 aetatis;

941 3142 1002 3188 2⁰
1045 3127 1433 3189 Sermonem
1530 3128 1638 3189 hic
1730 3129 1841 3190 vix
1938 3131 2152 3212 magis
2225 3141 2615 3214 corruptum
2698 3154 2846 3196 esse
2927 3155 3128 3216 quam
3204 3138 3273 3197 in

822 3235 1060 3297 ceteris
1115 3234 1414 3316 ejusdem
1464 3237 1788 3317 temporis
1846 3237 2254 3298 Graecorum
2312 3240 2580 3321 scriptis
2643 3241 2773 3319 (2);

939 3359 1003 3421 3⁰
1045 3360 1382 3433 Attamen,
1442 3361 1625 3442 quod
1675 3362 1760 3422 ad
1824 3372 2183 3443 syntaxeos
2260 3373 2472 3426 artem
2554 3367 2853 3439 attineat,
2937 3367 3267 3448 quaedam

819 3468 1031 3530 latina
1082 3467 1453 3543 observari,
1515 3488 1594 3529 ea
1648 3488 1812 3530 vero
1870 3471 2013 3551 ejus
2068 3478 2345 3532 naturae
2401 3490 2547 3532 esse
2602 3480 2677 3533 ut
2731 3472 2904 3533 nihil
2967 3475 3267 3535 mansuri

818 3575 1227 3658 praebeant3

939 3702 1002 3779 4⁰
1071 3699 1269 3780 Quod
1313 3701 1399 3761 ad
1453 3701 1893 3762 imitationem
1952 3702 2308 3763 verborum
2365 3724 2402 3763 a
2460 3701 2779 3764 Romanis
2848 3676 3266 3786 sumptorum

820 3809 1167 3888 pertineat,
1242 3827 1416 3869 nova
1463 3796 1786 3888 quaedam
1864 3808 1973 3868 hie
2030 3809 2324 3870 inveniri
2390 3829 2559 3891 quae
2628 3813 2959 3891 posterius
3015 3813 3086 3873 in
3134 3833 3265 3873 ser-

816 3936 1013 3978 mone
1065 3935 1301 3996 graeeo
1351 3934 1668 3975 mansura
1724 3915 1876 3983 sint,
1932 3915 2058 3976 hoc
2107 3936 2267 3977 vero
2316 3917 2580 3977 minimi
2633 3919 2952 3979 momenti
3008 3938 3155 3979 esse
3209 3919 3263 3979 si

816 4032 1117 4105 tempora
1164 4043 1284 4085 seu
1333 4023 1583 4105 priora,
1646 4042 1764 4083 seu
1812 4021 2134 4084 inferiora
2191 4023 2576 4085 consideres
2625 4025 2692 4085 in
2744 4024 2991 4106 quibus
3058 4025 3264 4086 multa

813 4132 1022 4193 verba
1065 4132 1205 4193 sive
1250 4130 1333 4192 de
1386 4129 1790 4192 exercitibus
1847 4129 2195 4205 ducendiS‚
2259 4132 2402 4192 sive
2445 4131 2527 4192 de
2564 4132 2714 4213 jure
2767 4131 3070 4202 dicend0‚
3120 4133 3260 4193 sive

813 4240 895 4301 de
950 4237 1480 4300 administranda
1537 4237 1902 4320 republica,
1976 4237 2122 4301 sive
2183 4237 2265 4299 de
2330 4237 2657 4320 religione
2706 4238 3072 4300 christiana
3129 4259 3259 4300 ser-

901 4484 968 4543 (1)
1003 4482 1077 4532 De
1091 4482 1177 4531 hls
1192 4483 1401 4539 scribis,
1425 4483 1548 4532 vide
1572 4494 1755 4544 supra,
1783 4495 1833 4545 p.
1871 4481 1955 4532 55.

899 4562 965 4623 (2)
1001 4563 1550 4626 Excipienditortasse
1576 4565 1704 4613 sunt
1726 4561 1870 4612 utun
1898 4563 2044 4612 tertii
2061 4562 2262 4611 saeculi
2286 4565 2405 4624 post
2428 4562 2723 4624 Christum,
2748 4575 2984 4625 quorum
3010 4563 3256 4613 nonnulli

800 4644 908 4705 jam
944 4644 1291 4706 Byzantinam
1336 4646 1569 4694 aetatem
1600 4645 1871 4694 nuntiant.
1902 4644 1963 4692 Ht
1984 4656 2128 4704 vero,
2161 4646 2222 4692 ut
2247 4644 2498 4703 vidimuS,
2522 4644 2833 4707 paucissimi
2854 4647 2982 4693 sunt
3021 4644 3249 4705 inventi,

798 4725 1119 4788 praesertim
1149 4726 1291 4787 quod
1321 4726 1386 4773 ad
1417 4723 1676 4788 epistulas
1708 4726 1926 4776 attinet.
