3692 5750
1303 605 1390 651 ΒΕ
1434 609 1562 650 usu
1603 604 1994 651 TrruLomJM
2794 592 2871 658 65

413 781 740 851 scribunt,
793 778 1175 867 urbanitate
1223 778 1476 860 majore
1523 797 1726 860 quam
1782 779 2100 860 antiquos
2147 799 2360 861 regeS,
2417 789 2618 862 atque
2665 782 2868 843 etiam

414 887 762 971 praesides
817 886 1116 968 ejusdem
1171 886 1497 967 temporis
1553 903 1711 946 usos
1773 886 2005 947 fuisse.
2697 940 2702 945 ,

531 994 612 1056 Id
693 978 959 1076 qnoque
1033 993 1312 1076 dignum
1381 1001 1486 1054 est
1567 992 1750 1074 quod
1815 993 2216 1074 inspiciatur
2286 994 2533 1077 quibus
2579 997 2871 1058 usitatis

415 1102 769 1165 sententiis
822 1101 949 1162 hoc
1008 1102 1303 1183 εὐτυχεῖτε
1351 1099 1770 1181 jungeretur.
1828 1098 1927 1160 Ex
1984 1099 2227 1182 quibus
2281 1102 2606 1183 quaedam
2664 1104 2874 1165 mani-

415 1209 582 1272 festo
634 1209 708 1271 in
759 1208 986 1298 lapide
1041 1207 1126 1269 ab
1176 1206 1318 1268 illis
1375 1206 1679 1268 Graecis·
1725 1206 1994 1268 additae
2044 1216 2197 1268 sunt
2252 1208 2338 1269 ad
2391 1228 2556 1290 quos
2612 1208 2871 1270 litterae

365 1356 373 1365 ·
412 1318 699 1400 scriptae
752 1324 959 1377 erant.
1020 1313 1203 1376 Fieri
1261 1314 1446 1375 enim
1501 1314 1742 1395 potuit,
1795 1322 1872 1375 ut
1924 1315 2326 1396 exemplum'
2361 1336 2756 1398 proponam,
2798 1326 2872 1377 ut

414 1422 675 1506 legatus
731 1441 1008 1505 graecus
1063 1422 1182 1503 qui
1234 1420 1529 1504 principi
1584 1420 1925 1482 decretum
1971 1421 2309 1503 quoddam
2374 1442 2646 1484 suorum
2726 1424 2871 1485 red-

418 1530 702 1602 diderat,
755 1549 1002 1592 nomen
1051 1548 1243 1590 suum
1302 1535 1574 1609 cuperet
1619 1536 1773 1609 post
1822 1527 2092 1590 titulum
2149 1528 2464 1592 adscribi.
2517 1530 2621 1591 Ita
2664 1531 2872 1611 igitur

417 1635 661 1698 accidit
715 1645 791 1698 ut
845 1634 1129 1698 verbum
1175 1633 1443 1696 ἀπέδωκα
1499 1653 1651 1695 cum
1708 1634 1977 1696 nomine
2029 1636 2229 1717 legati
2283 1637 2709 1698 inveniamus
2755 1639 2864 1719 (1).

418 1742 823 1826 Saepissime
900 1762 1086 1815 vero,
1165 1740 1479 1825 princeps
1544 1742 1712 1824 ipse,
1796 1761 1915 1803 seu
1972 1742 2197 1823 potius
2249 1743 2394 1825 ejus
2445 1744 2715 1806 nomine
2766 1744 2871 1806 illi

416 1850 833 1932 imperatorii
881 1848 1141 1919 scribae
1198 1848 1313 1929 qui
1356 1869 1391 1908 «
1443 1846 1528 1908 ab
1572 1847 1884 1929 epistulis
1932 1848 2208 1910 Graecis
2257 1870 2292 1909 »
2321 1849 2732 1911 vocabantur
2782 1854 2870 1932 (2)

416 1977 662 2020 nomen
742 1957 948 2039 legati
1040 1964 1155 2016 aut
1237 1953 1611 2037 legatorum
1695 1956 1766 2016 in
1851 1955 2162 2038 epistula,
2251 1956 2396 2018 sive
2482 1967 2634 2019 ante
2725 1959 2872 2020 sive

418 2076 571 2149 post
625 2067 919 2150 εὐτυχεῖτε
963 2063 1440 2135 inscribebant,
1480 2084 1631 2125 cum
1674 2064 1909 2127 verbis
1952 2065 2287 2148 ἐπρέσὸευεν
2341 2085 2460 2126 seu
2508 2066 2875 2149 ἐπρέσὸευον,

414 2173 593 2235 Illud
649 2193 916 2255 quoque
971 2171 1438 2234 verisimiliter
1492 2170 1893 2253 plerumque
1938 2193 1979 2233 a
2026 2171 2349 2234 Romanis
2388 2172 2876 2255 adjungebatur

415 2281 786 2363 legativum
841 2280 1138 2341 dandum
1207 2299 1355 2342 esse
1412 2279 1673 2360 legati5‚
1734 2280 1868 2341 nisi
1937 2281 2148 2361 gratis
2221 2280 2622 2361 legationem
2695 2300 2874 2343 acce-

415 2388 690 2470 pissent.
753 2386 957 2467 Quod
1009 2406 1247 2468 graece
1284 2385 1818 2448 transferebatur
1874 2386 1984 2447 his
2041 2386 2272 2448 verbis
2328 2396 2443 2448 aut
2489 2386 2869 2449 'similibust

418 2495 463 2578 ᾧ
504 2501 571 2556 τὸ
616 2498 836 2579 ἐφόδιον
882 2497 1105 2574 δοθήτω
1150 2498 1197 2554 εἰ
1238 2494 1323 2574 μὴ
1366 2492 1573 2574 προῖκα
1615 2495 1933 2576 ὑπέσχηται
1986 2493 2095 2572 (3).

537 2599 710 2680 Quis
761 2602 843 2662 de
893 2601 1133 2662 horum
1207 2600 1607 2686 legatorum·
1652 2601 1992 2662 mentione
2041 2603 2341 2673 miretur,
2404 2603 2461 2663 si
2516 2602 2873 2683 plerosque

418 2688 652 2770 titulos
708 2716 978 2770 nostros
1051 2726 1374 2790 responsa
1444 2726 1591 2769 esse
1660 2708 2096 2768 meminerit?
2152 2708 2419 2770 Poterat
2474 2730 2631 2771 sane
2693 2709 2873 2770 ultro

419 2815 809 2879 Hadrianus
865 2814 1334 2877 commendare
1382 2813 1809 2876 candidatum
1863 2815 2217 2897 quemdam
2274 2815 2377 2878 illi
2436 2814 2872 2900 Ephesiorum

419 2924 707 2986 concilio
764 2923 947 3006 quod
1020 2926 1196 3003 βουλή
1272 2922 1636 2983 vocabatur
1701 2923 1832 3002 (4);
1892 2931 2159 3004 poterat
2225 2922 2403 2985 Nero
2460 2933 2697 3007 sponte
2754 2944 2874 2986 sua

417 3049 791 3093 convocare
847 3029 1142 3093 Graecos
1191 3039 1267 3091 ut
1341 3031 1713 3092 orationem
1771 3050 1962 3091 suam
2012 3031 2325 3092 audirent
2377 3032 2506 3110 (5);
2567 3039 2878 3113 poterant

422 3156 654 3199 omnes
704 3137 1042 3217 principes
1086 3153 1208 3219 per
1262 3136 1481 3198 edicta
1535 3137 1907 3217 provinciis
1960 3156 2150 3199 suam
2205 3138 2619 3199 voluntatem
2664 3138 2878 3220 impo-

419 3263 602 3306 nere.
660 3244 1066 3325 Saepissime
1122 3263 1287 3306 vero
1342 3243 1542 3325 hujus
1593 3245 1863 3323 generis
1921 3245 2172 3325 scripta
2224 3244 2310 3305 ad
2365 3245 2436 3306 id
2491 3243 2876 3306 civitatibus

423 3349 698 3413 Graecis
756 3350 1188 3412 mittebantur
1244 3359 1320 3412 ut
1364 3350 1683 3432 legationi
1739 3351 2007 3412 cuidam
2065 3371 2184 3412 seu
2238 3353 2454 3433 gratia
2491 3352 2872 3420 referretur,

423 3478 543 3520 seu
596 3458 800 3520 venia
854 3467 970 3519 aut
1025 3457 1430 3520 beneficium
1499 3457 1791 3520 daretur.
1856 3456 2262 3520 Constanter
2318 3434 2495 3520 enim
2549 3459 2751 3520 flebat
2804 3467 2881 3520 nt

419 3565 624 3647 legati
708 3564 992 3627 Romam
1076 3566 1384 3626 venirent
1460 3584 1611 3624 cum
1688 3565 1974 3627 decretis
2056 3585 2353 3632 suorum.
2439 3566 2681 3648 quibus
2762 3573 2878 3627 aut

420 3673 715 3754 principi
770 3670 1268 3754 gratularentur
1311 3680 1427 3732 aut
1481 3670 1847 3753 quidquam
1910 3671 1994 3732 ab
2046 3692 2125 3733 eo
2203 3681 2524 3754 peterent.
2601 3672 2874 3734 Auditis

423 3780 631 3861 igitur
686 3779 922 3860 legatis
977 3787 1044 3840 et
1092 3779 1280 3840 lectis
1336 3777 1644 3854 decretis,
1700 3779 1881 3861 quod
1936 3799 2172 3860 graece
2218 3781 2656 3861 imperatores
2704 3780 2877 3841 dice-

521 3970 594 4029 (1)
627 3969 689 4018 N.
727 3968 823 4028 1⁷,
860 3965 966 4025 23,
1002 3967 1103 4030 24,
1139 3965 1245 4019 25.

517 4049 588 4108 (2)
622 4048 698 4098 De
728 4048 836 4099 illis
867 4049 1061 4098 scribis
1092 4049 1215 4098 vide
1249 4047 1493 4098 nostram
1534 4048 1990 4098 dissertationem.
2040 4048 2310 4099 lnfluence
2360 4050 2432 4098 du
2470 4049 2622 4100 latin
2676 4064 2727 4113 p.
2764 4051 2871 4111 149,

425 4141 479 4178 n.
516 4130 563 4180 1.

520 4208 590 4269 (3)
624 4208 757 4259 Vide
788 4222 843 4259 n.
880 4207 983 4259 23.
1020 4209 1163 4258 Alibi
1207 4209 1283 4268 (n.
1340 4207 1448 4270 20,
1506 4205 1588 4257 33
1652 4211 1707 4258 et
1758 4207 1869 4268 49)
1903 4209 2211 4258 invenimus
2247 4210 2512 4275 ὑπέσχετο.
2576 4210 2876 4272 Aliquando

424 4285 749 4355 πρισσεύσειν
778 4289 865 4338 vel
888 4288 976 4351 τὴν
1006 4291 1273 4354 πρίσὸειαν
1308 4286 1677 4351 ὑπολαμὸάνειν
1711 4289 1963 4350 adjuncta
1998 4288 2162 4338 fuisse
2196 4290 2451 4339 videntur
2484 4291 2627 4350 (vide
2660 4303 2712 4338 n.
2741 4288 2872 4350 20);

424 4369 501 4421 Cf.
535 4382 585 4418 n.
639 4368 722 4419 33
773 4382 938 4433 quem
986 4382 1091 4419 non
1110 4370 1556 4431 transcripsimus
1596 4370 1650 4416 in
1683 4369 1944 4430 catalogo,
1978 4370 2070 4418 sed
2116 4372 2205 4419 ubi
2257 4372 2598 4432 apertissime
2632 4371 2831 4434 legitur
2864 4385 2875 4419 ε

427 4467 571 4501 ...ατο
618 4449 708 4513 τὴν
751 4452 1054 4516 πρέσὸειαν).
1091 4450 1304 4498 Titulus
1341 4450 1580 4498 maxime
1628 4450 1856 4498 mutilus
1890 4451 2137 4504 (Hermes
2169 4450 2287 4500 vnl
2324 4451 2485 4506 ‹1874›
2521 4466 2570 4515 p
2602 4451 2697 4502 416
2740 4465 2793 4501 n.
2828 4452 2876 4512 ὅ,

424 4532 552 4581 vide
584 4534 832 4582 nostrum
870 4527 1019 4588 142)
1071 4531 1312 4592 ejusdem
1358 4531 1571 4590 generis
1606 4533 1769 4579 verba
1804 4532 2046 4592 praebet,
2083 4532 2174 4580 sed
2214 4550 2240 4597 ρ
2268 4534 2410 4594 quod
2446 4533 2727 4595 legebatur
2757 4536 2879 4595 post

427 4628 469 4661 ει
507 4613 576 4672 (v.
611 4611 662 4672 8)
694 4610 1075 4672 corrigendum
1110 4614 1193 4660 est
1225 4611 1280 4658 in
1312 4601 1405 4673 μ[ὴ
1442 4611 1646 4674 πρὸῖκα,
1677 4614 1778 4660 ete.

523 4691 595 4750 (4)
626 4690 692 4740 Ν.
723 4688 828 4741 28.
1500 4683 1505 4708 ²

526 4772 594 4833 (ὅ)
630 4771 689 4820 N.
727 4769 785 4822 8.

2664 4918 2703 4955 ὃ.
2736 4913 2776 4956 L.
