3692 5750
742 601 822 669 66
1044 632 1065 667 .-
1820 624 2009 668 ‘raas
2051 626 2100 669 11

742 797 906 859 bant
950 822 978 853 α
1023 794 1345 859 ἀποδόντων
1389 821 1483 878 μοι
1524 807 1638 858 τῶν
1684 799 1971 881 ὑμετέρων
2013 797 2307 881 πρὲσὸιων
2350 802 2414 857 τό
2456 821 2519 857 τε
2564 800 2829 882 ψήφισμα
2870 799 3025 875 ὑμῶν
3076 796 3188 873 (1),

742 903 853 965 vel
895 902 1166 986 ἀναγνοὺς
1221 910 1288 964 τὸ
1331 905 1492 965 δοθέν
1536 927 1630 985 μοι
1674 908 1781 965 ὑπὸ
1840 913 1956 965 τῶν
2008 907 2295 990 ὑμετέρων
2358 904 2723 988 πρισὸευτῶν
2768 904 3033 988 ψήφισμα
3076 902 3190 981 (Ω).

742 1011 850 1073 vel
892 1013 1148 1093 ἐπιγνοὺς
1189 1014 1258 1075 ’ἐκ
1297 1037 1361 1075 τε
1401 1021 1515 1073 τῶν
1560 1012 1912 1095 γραμμάτων
1968 1019 2060 1073 καὶ
2111 1015 2200 1073 διὰ
2241 1020 2341 1072 τοῦ
2394 1011 2875 1095 πρεσὸεύοντος...
2925 1008 3036 1091 (3),
3084 1008 3195 1070 vel

742 1118 992 1203 ἐντυχὼν
1037 1125 1191 1201 ὑμῶν
1233 1129 1315 1204 τῷ
1359 1124 1680 1204 ψηφίσματι
1720 1119 1830 1198 (4),
1878 1119 1990 1181 vel
2028 1119 2146 1188 τοῖς
2190 1120 2568 1180 ὲπισταλεῖσιν
2608 1119 2697 1203 ὑφ’
2742 1122 2898 1199 ὑμῶν
2944 1121 3196 1200 ἐντυχών

742 1225 854 1305 (5),
901 1225 1010 1288 Vel
1053 1229 1318 1310 ἐνέτυχον
1358 1239 1440 1310 τῷ
1483 1232 1789 1314 πεμφθέντι
1831 1231 1921 1315 ὑφ’
1966 1234 2122 1309 ὑμῶν
2168 1227 2279 1308 (6),
2313 1226 2556 1288 aliisve
2596 1224 2896 1307 ejusdem
2925 1222 3196 1305 generis

737 1332 991 1404 verbiS,
1074 1335 1412 1416 principes
1487 1356 1884 1418 responsum
1976 1335 2228 1397 dabant
2317 1333 2500 1417 quod
2584 1333 2785 1415 legati
2863 1330 2951 1392 ad
3035 1347 3195 1391 suos

740 1439 1087 1503 referrent.
1148 1439 1545 1504 Videbimus
1570 1452 1821 1505 ‘autem
1877 1442 2054 1506 infra
2127 1442 2215 1504 ad
2264 1462 2432 1524 quas
2487 1460 2598 1503 res
2652 1437 2956 1521 singulae
3020 1437 3192 1520 epis·

738 1546 918 1608 tulae
991 1546 1380 1630 plerumque
1446 1551 1881 1632 pertinerent.
1961 1550 2104 1612 Hoc
2169 1569 2330 1611 vero
2388 1549 2531 1629 jam
2599 1546 2984 1609 summatim
3056 1544 3191 1605 dici

737 1661 976 1734 potest,
1021 1654 1342 1737 epistulas
1381 1676 1560 1718 nunc
1621 1656 2131 1738 magistratibus
2191 1656 2487 1717 civitatis
2537 1653 2824 1735 alicujus
2884 1653 3187 1735 (ἄρχουσι),

734 1779 911 1822 nunc
961 1762 1223 1824 senatui
1273 1764 1525 1847 (βουλῇ),
1565 1765 1833 1845 saepius
1891 1762 2095 1825 simul
2144 1771 2210 1825 et
2267 1762 2766 1844 magistratibus
2819 1771 2887 1823 et
2934 1760 3193 1823 senatui

737 1877 801 1931 et
865 1867 1116 1951 populo
1187 1869 1467 1952 (ἄρχουσι,
1548 1872 1751 1953 βουλῇ,
1825 1875 2045 1952 δήμῳ),
2126 1869 2492 1952 aliquando
2539 1870 2641 1931 illi
2719 1869 3004 1930 concilio
3083 1868 3192 1929 cui

738 1981 1001 2059 γερουσία
1074 1976 1162 2056 (7)
1241 1995 1483 2038 nomen
1561 1985 1701 2039 erat
1782 1978 1993 2050 mitti3
2074 1978 2481 2039 mentionem
2555 1996 2822 2059 quoque
2882 1986 2959 2061 τῇ
3032 1978 3191 2036 πόλει

732 2082 1120 2161 invenimus
1174 2082 1288 2162 (8).
1347 2082 1525 2145 Aliis
1580 2084 1890 2166 epistulis
1945 2106 1980 2145 «
2038 2083 2521 2147 Communibus
2575 2106 2610 2145 »
2669 2084 2754 2165 (9)
2814 2082 3190 2166 provincia-

737 2209 887 2249 rum
957 2189 1200 2264 missiS,
1264 2189 1485 2260 ,verba
1562 2200 1644 2275 τῷ
1722 2204 1890 2275 κοινῷ
1965 2211 2118 2253 cum
2169 2191 2443 2254 nominc
2519 2189 2756 2273 populi
2832 2199 2901 2252 et
2980 2187 3191 2251 verbo

737 2300 951 2378 χαίρειν
1049 2295 1627 2363 adscribebantur.
1732 2297 2075 2380 Epistulae
2169 2319 2336 2362 vero
2431 2298 2785 2380 quaedam,
2884 2296 3193 2359 utilitatis

738 2403 962 2465 minus
1008 2404 1384 2477 universae,
1445 2414 1560 2467 aut
1612 2407 1933 2468 materiae
1992 2406 2081 2468 ad
2130 2408 2481 2489 pauciores
2532 2405 2929 2488 pertinentis
2981 2405 3194 2465 mitte-

737 2509 987 2571 bantur
1071 2517 1213 2572 tum
1293 2512 1571 2593 synodis
1647 2512 2076 2595 quibusdam,
2156 2521 2300 2575 tum
2365 2514 2480 2576 uni
2571 2513 2722 2575 viro
2799 2511 3194 2594 plerumque

738 2617 1176 2699 magistratui.
1237 2618 1425 2681 Inter
1495 2639 1667 2701 quas
1744 2620 1936 2683 illae
1974 2641 2144 2703 quae
2212 2620 2297 2682 ad
2372 2620 2802 2704 magistratus
2878 2637 3194 2680 romanos

739 2725 983 2787 missae
1053 2734 1267 2796 erant,
1321 2726 1554 2800 latine,
1606 2736 1681 2788 ut
1724 2748 1849 2810 par
1905 2737 2025 2801 est,
2080 2727 2579 2799 scribebantur,
2629 2746 2848 2808 neque
2900 2727 2973 2787 in
3027 2725 3194 2806 ipsis

739 2832 1082 2895 codicibus
1123 2832 1312 2896 illius
1363 2836 1627 2916 generis
1684 2855 1717 2896 «
1776 2836 2103 2918 rescripta
2171 2856 2207 2898 »
2263 2836 2711 2918 reperiuntur,
2767 2835 2898 2896 nisi
2964 2833 3190 2903 latina,

739 2940 1067 3001 duntaxat
1120 2950 1273 3002 ante
1328 2943 1634 3023 quintum
1688 2943 2028 3005 saeculum
2085 2952 2237 3026 post
2293 2943 2637 3006 Christum
2702 2951 2956 3004 natum.
3029 2939 3196 3001 Nos-

739 3055 882 3109 trae
936 3048 1143 3128 igitur
1190 3049 1513 3131 epistulae
1570 3052 1959 3112 summatim
2014 3070 2154 3113 non
2208 3052 2296 3113 ad
2343 3051 2417 3112 id
2472 3058 2775 3133 spectant
2827 3057 2902 3111 ut
2955 3047 3196 3130 magis·

738 3155 1027 3216 tratibus
1074 3156 1374 3217 romanis
1449 3176 1643 3219 suum
1705 3159 1998 3219 officium
2075 3158 2476 3240 significent,
2569 3156 2689 3218 sed
2754 3164 2832 3217 ut
2904 3155 3199 3218 Graecos

741 3262 924 3343 ipsos
1000 3282 1120 3324 seu
1200 3263 1509 3345 probent,
1594 3285 1714 3326 scu
1776 3264 2107 3342 alliciant,
2196 3286 2314 3326 seu
2397 3265 2610 3345 gratia
2704 3273 2774 3324 et
2851 3261 3197 3324 beneficiis

741 3378 998 3438 ornent,
1087 3388 1204 3430 seu
1286 3371 1491 3432 etiam
1566 3372 1637 3433 in
1731 3381 1988 3434 veteres
2066 3371 2602 3442 consuetudineS‚
2680 3381 2749 3432 et
2824 3378 3198 3450 respectum

743 3477 1090 3557 antiquum
1157 3454 1450 3539 nominis
1531 3481 1793 3541 romani
1860 3479 2201 3541 reducant.
2279 3478 2379 3541 De
2453 3500 2586 3562 qua
2641 3477 2884 3560 agendi
2941 3480 3197 3540 ratione

644 3640 653 3649 ,
742 3583 1058 3644 certiores
1120 3583 1357 3645 fiemus
1435 3585 1494 3646 si
1567 3584 1987 3666 singulorum
2064 3587 2443 3668 principum
2516 3586 2763 3668 scripta
2842 3586 3200 3668 perlustra-

746 3690 1060 3751 verimuS.

842 3872 911 3926 (¹)
944 3870 1003 3919 N.
1053 3870 1111 3919 5.

840 3949 911 4008 ‹2›
945 3950 1005 3999 N.
1043 3948 1101 3998 6.

843 4030 909 4090 (3)
945 4030 1005 4079 N.
1041 4029 1135 4079 1⁷.

846 4110 910 4169 (4)
948 4110 1009 4159 N.
1045 4109 1142 4159 19.

843 4190 911 4251 (ὃ)
947 4189 1008 4240 N.
1046 4186 1150 4238 24.

845 4269 914 4330 (6)
948 4270 1009 4320 Ν.
1049 4267 1153 4320 25.

848 4350 916 4410 (7)
953 4348 1085 4399 Vide
1118 4362 1170 4398 n.
1206 4348 1312 4400 20.

852 4430 920 4490 (8)
954 4430 1017 4478 Ν.
1057 4427 1134 4478 18
3207 4465 3216 4488 :

854 4510 920 4568 (9)
955 4509 1031 4558 De
1061 4509 1171 4557 illis
1203 4509 1609 4570 communibus,
1657 4512 1780 4562 vide
1813 4514 2072 4576 Guiraud,
2109 4515 2207 4565 Les
2235 4516 2563 4565 assemblees
2597 4515 2954 4578 provinciales
2986 4518 3041 4564 et
3075 4515 3206 4565 Fou-

759 4593 915 4654 gercs
951 4589 1021 4638 De
1058 4590 1347 4652 Lyciorum
1377 4590 1679 4641 Communi.
1718 4619 1774 4628 —
1813 4594 1882 4643 De
1915 4594 2273 4658 legationibus
2306 4596 2651 4654 vide-Radet,
2689 4596 2832 4656 BCH,
2865 4596 2988 4645 xlll
3021 4596 3203 4657 (1889),

762 4685 814 4734 p.
852 4670 942 4721 109
973 4683 1094 4734 sq.;
1125 4671 1269 4733 quod
1310 4684 1440 4721 vero
1471 4672 1539 4721 ad
1585 4674 1755 4722 totam
1793 4674 2197 4737 provinciarum
2231 4689 2552 4739 graecarum
2600 4677 2771 4725 vitam
2807 4677 3204 4726 Antoninorum

763 4753 941 4802 aetate
990 4753 1206 4801 attinet.
1252 4753 1375 4802 vide
1427 4752 1469 4801 1.
1504 4752 1665 4815 Levy,
1704 4740 1918 4805 sstudes.
2133 4763 2138 4768 ’
