3692 5750
1412 622 1500 664 on:
1542 623 1674 667 usu
1717 621 2103 667 'mmmmm
2190 629 2214 646 ·
2890 619 2967 681 77

1529 1017 1818 1080 CAPUT
1883 1016 1943 1078 V

1000 1216 1090 1259 DE
1138 1217 1478 1262 EPISTULts
1520 1216 1603 1260 m·
1645 1217 1905 1259 Bmcns
1950 1216 2489 1260 MAfflsTRATUUM

639 1455 986 1538 Epistulae
1042 1458 1391 1540 edictaque
1455 1457 1967 1540 magistratuum
2042 1478 2493 1533 romanorum,
2549 1481 2701 1522 cum
2774 1479 2972 1542 saepe

520 1564 608 1625 ad
699 1565 1209 1627 similitudinem
1283 1566 1723 1648 epistularum
1810 1566 2318 1648 edictorumque
2385 1567 2972 1649 imperatoriorum

520 1672 771 1754 scripta
826 1673 985 1745 sint,
1038 1693 1176 1735 non
1227 1682 1329 1736 est
1385 1681 1692 1734 curtam
1750 1673 1950 1754 longe
2013 1672 2102 1733 ad
2166 1692 2243 1734 ea
2305 1676 2609 1735 animum
2665 1674 2974 1738 intenda-

521 1798 689 1843 mus,
751 1777 1037 1842 Necesse
1095 1787 1198 1842 est
1262 1788 1491 1842 tamen
1546 1779 1656 1841 hic
1715 1780 2045 1861 quaedam
2110 1800 2291 1842 nova
2342 1801 2492 1842 cum
2539 1781 2768 1843 multis
2822 1802 2975 1844 con-

520 1886 990 1948 suetudinibus
1043 1889 1226 1948 notis
1265 1887 1478 1951 mixta
1521 1895 1846 1949 notemus.

643 1993 738 2054 Iis
821 1994 1093 2076 quidem
1165 1995 1452 2076 scriptis,
1522 2002 1753 2075 utpote
1820 1995 2221 2075 praecipuiS,
2298 1994 2438 2057 fere
2513 1996 2994 2061 tantummodo

524 2100 963 2172 studebimuS,
1024 2121 1196 2182 quae
1242 2121 1282 2163 a
1327 2101 1828 2182 provinciarum
1874 2101 2303 2184 praesidibus
2356 2101 2997 2183 proficiscebantur.⁸

520 2205 607 2268 Et
667 2226 847 2270 nuno
917 2228 1185 2290 quoque
1247 2209 1659 2291 sejungenda
1706 2216 1904 2270 erunt
1951 2208 2171 2270 edicta
2228 2207 2310 2269 ab
2370 2209 2702 2291 epistulis.
2746 2211 2978 2276 Edicta

525 2315 724 2387 enim,
756 2333 1046 2395 quorum
1097 2314 1448 2388 nonnulla,
1494 2315 1892 2397 praesertim
1941 2315 2013 2376 in
2062 2316 2374 2397 Aegypto
2420 2316 2716 2388 inventa,
2776 2318 2977 2382 habe-

522 2440 693 2489 mus,
721 2421 1054 2502 incipiunt
1105 2421 1190 2484 ab
1245 2421 1388 2483 illis
1440 2421 1670 2484 verbis
1716 2448 1728 2485 :
1793 2429 1821 2483 ὸ
1873 2422 2028 2483 δεῖ-η
2077 2426 2232 2504 λέγει
2276 2423 2386 2502 (1).
2425 2423 2769 2504 Epistulae
2811 2445 2976 2487 vero

524 2527 797 2588 initium
837 2528 1110 2608 capiunt
1147 2548 1187 2590 a
1242 2528 1471 2590 verbis
1518 2551 1531 2590 z
1580 2536 1608 2589 ὃ
1654 2529 1810 2590 δεῖνα
1860 2539 1941 2613 τῷ
1991 2531 2129 2591 δεῖνι
2177 2534 2412 2612 χαίρειν,
2472 2531 2655 2611 quod
2710 2551 2977 2616 quoque

526 2653 675 2694 cum
728 2635 1182 2715 imperatoriis
1225 2636 1441 2698 titulis
1496 2644 2017 2698 consentaneum
2083 2645 2205 2698 est.
2267 2637 2769 2702 Dissimilitudo
2825 2658 2976 2700 oon-

525 2749 629 2801 tra
684 2749 968 2824 apparet
1019 2744 1095 2805 in
1142 2742 1586 2826 epistularum
1633 2743 1788 2816 fine,
1851 2742 1969 2805 ubi
2025 2763 2161 2805 non
2217 2744 2536 2828 εὐτυχεῖτε,
2592 2745 2711 2810 sed
2763 2744 2976 2831 ’ἐρ’ρωσο

527 2856 642 2909 aut
695 2851 963 2935 ἔρρωσθε,
1018 2857 1136 2913 aut
1186 2854 1454 2936 ἐρρῶσθαι
1489 2851 1643 2932 ’ὑμᾶς
1691 2850 1867 2931 (sive
1919 2849 2006 2930 σε)
2054 2854 2311 2934 εὔχομαι,
2363 2860 2479 2913 aut
2530 2857 2799 2938 ἐρρῶσθαι
2836 2860 2977 2935 ὑμᾶς

528 2957 698 3037 (sive
750 2957 837 3037 σε)
888 2963 1159 3039 βούλομαι
1209 2958 1587 3040 reperimus
1644 2960 1753 3039 (2).
1811 2957 2035 3020 Semel
2092 2959 2361 3040 quidem
2417 2958 2788 3041 longiorem
2831 2981 2978 3023 ver·
3033 2996 3041 3003 ·

525 3063 765 3127 borum
822 3066 1173 3127 circuitum
1219 3066 1601 3127 invenimus
1648 3087 1662 3125 τ
1726 3069 1997 3150 ἐρρῶσθαι
2052 3071 2194 3147 ὑμᾶς
2248 3073 2340 3127 καὶ
2407 3067 2661 3151 εὐτυχεῖν
2713 3067 2979 3150 πολΙλαῖς

527 3173 710 3234 ἔτεσιν
739 3190 742 3191 ’
773 3162 1030 3256 εὔχομαι
1063 3171 1182 3254 (3).
1233 3172 1529 3234 Verbum
1596 3180 1817 3234 autem
1866 3174 2156 3256 εὐτυχεῖτε
2223 3173 2362 3236 sere
2414 3194 2745 3256 nusquam
2792 3181 2993 3257 repe?

527 3279 662 3341 rire
719 3288 820 3341 est
869 3281 978 3362 (4).
1039 3279 1240 3360 Quod
1285 3290 1447 3341 vero
1500 3279 1588 3340 ad
1642 3289 1905 3361 tempus
1957 3278 2330 3341 notandum
2378 3281 2693 3363 pertinet,
2754 3283 2979 3343 omnia

529 3405 683 3448 cum
753 3387 1062 3469 epistulis
1154 3387 1610 3469 imperatoriis
1678 3395 2076 3467 congruunt,
2136 3396 2412 3477 excepto
2469 3387 2653 3469 quod
2716 3388 2847 3460 hic,
2906 3398 2982 3450 ut

528 3513 651 3575 par
724 3502 844 3565 est,
915 3494 1432 3557 consuetudines
1513 3514 1743 3556 earum
1826 3494 2177 3575 regionum
2258 3492 2376 3554 ubi
2456 3493 2637 3555 tituli
2719 3496 2980 3559 inventi

530 3609 708 3671 sunt,
748 3602 965 3683 magis
1030 3610 1376 3683 apparent.
1425 3600 1546 3674 Ita,
1599 3602 1674 3662 in
1733 3602 2070 3682 Aegypto,
2118 3608 2195 3661 ut
2247 3600 2626 3682 exemplum
2692 3605 2981 3667 maxime

527 3709 961 3790 conspicuum
1019 3728 1412 3790 proponam,
1472 3708 1742 3788 signum
1809 3706 1861 3766 L
1923 3727 2075 3768 cum
2133 3726 2411 3769 numero
2466 3710 2629 3770 anni
2695 3711 2982 3797 impera-

410 3821 424 3831 “
528 3816 718 3887 toriS‚
781 3825 849 3877 et
904 3816 1155 3878 mensis
1203 3815 1520 3898 Aegyptii
1575 3813 1846 3895 dieique
1901 3816 2238 3876 mentione
2295 3824 2557 3896 tempus
2604 3817 2985 3899 significant

531 3921 639 4003 (5).
700 3923 780 3984 In
839 3922 1096 4004 aliquot
1154 3922 1442 4004 denique
1508 3920 1720 3985 titulis
1771 3919 1982 3982 verbo
2049 3925 2382 4004 προτεθήτω
2437 3921 2564 3983 hoc
2615 3923 2986 4006 imperatur

526 4035 604 4090 ut
647 4030 975 4111 scriptum
1025 4029 1235 4092 oeulis
1286 4028 1661 4090 incolarum
1716 4027 2138 4108 propositum
2185 4038 2455 4091 maneat
2511 4030 2615 4111 (6).

621 4282 691 4343 (1)
728 4281 947 4332 Praeter
979 4282 1211 4345 Aegypti
1256 4281 1448 4337 edicta,
1503 4281 1769 4343 incipiunt
1807 4293 2024 4344 quoque
2070 4281 2140 4329 ab
2189 4280 2276 4331 his
2310 4282 2490 4331 verbis
2546 4285 2720 4333 nostrl
2765 4285 2983 4339 numm-l

529 4360 638 4417 95.
673 4359 808 4423 116,
843 4360 983 4423 144,
1016 4359 1157 4411 149.

626 4441 696 4504 (2)
728 4442 861 4492 Vide
895 4442 1127 4491 indicem
1163 4442 1458 4492 verborum
1492 4443 1834 4493 notabilium.

627 4523 697 4663 li}
729 4522 963 4653 {aaliz
992 4602 1223 4653 tortasse
1251 4604 1307 4651 in
1340 4615 1394 4652 n.
1427 4601 1551 4653 146
1584 4604 1652 4653 de
1683 4616 1791 4666 quo
1820 4603 1954 4651 nihil
1988 4603 2122 4652 certi
2156 4603 2262 4653 diet
2297 4607 2492 4667 potest.

629 4684 698 4745 (5)
733 4684 866 4735 Vide
890 4697 943 4735 n.
979 4682 1122 4745 127,
1154 4681 1298 4735 128.

633 4763 699 4826 (6)
734 4765 867 4815 Vide
901 4762 1025 4815 125
1060 4763 1187 4825 (Col.
1225 4761 1300 4813 111
1334 4778 1387 4815 v.
1423 4765 1504 4827 ss)
1536 4766 1592 4815 et
1622 4763 1746 4816 129
1782 4764 1853 4824 (v.
1890 4762 1968 4824 12)
