3692 5750
754 591 834 667 64
1854 606 2021 648 raas
2065 606 2109 648 11

756 780 984 841 verbis
1039 780 1304 840 usitatis
1359 776 1490 838 Hic
1547 782 1667 838 aut
1722 775 1855 847 ille,
1915 774 2068 838 huic
2124 782 2245 837 aut
2300 774 2400 837 illi
2457 756 2748 838 salutem
2803 777 3211 859 respondent

757 889 828 949 in
881 886 1140 968 graecis
1187 882 1683 966 exemplaribus
1728 883 1939 945 verba
2005 883 2055 943 ‘0
2112 886 2267 944 δεῖνα
2312 896 2391 965 τῷ
2442 886 2579 944 δεῖνι
2625 889 2840 968 χαίρειν
2897 886 3007 964 (ι),
3063 886 3206 967 qui·

755 995 882 1056 bus
933 994 1292 1054 comitatur
1359 992 1748 1073 plerumque
1820 998 1961 1051 tota
2032 989 2361 1052 honorum
2440 982 2767 1072 principis
2825 992 3031 1054 series
3085 994 3245 1079 (2),-

756 1122 838 1162 ex
891 1121 1023 1183 qua
1096 1119 1346 1161 annum
1397 1098 1630 1180 scripti
1686 1096 2002 1179 colligere
2051 1116 2429 1179 possumus,
2487 1097 2738 1160 Menda
2791 1117 2952 1160 sane
3002 1100 3209 1161 mani-

755 1208 927 1270 festa
981 1207 1309 1289 quaedam
1361 1214 1709 1288 apparent,
1770 1224 1921 1265 cum
1970 1204 2263 1266 honores
2315 1205 2492 1266 inter
2532 1224 2603 1266 se
2633 1204 3089 1286 discrepantes
3121 1205 3209 1285 (3)

754 1324 871 1376 aut
922 1315 1123 1376 etiam
1170 1312 1448 1374 absurdi
1501 1321 1798 1375 exstent:
1862 1329 2059 1373 nemo
2117 1312 2294 1372 enim
2352 1312 2656 1392 accipere
2702 1313 2954 1394 poterit
2997 1313 3207 1374 Nero-

754 1441 911 1484 nem
966 1440 1111 1482 esse
1181 1419 1382 1482 simul
1450 1419 1703 1482 Tiberii
1774 1429 1974 1500 atque
2039 1418 2421 1481 Germanici
2483 1420 2568 1498 (4)
2627 1405 2899 1501 Ἑγγὸνον,
2970 1419 3041 1481 id
3108 1429 3213 1483 est

757 1536 1222 1610 pronepotem,
1294 1547 1495 1609 quem
1585 1526 1807 1589 locum
1885 1547 1923 1587 a
2019 1524 2285 1587 Rhodio
2368 1524 2596 1608 aliquo
2688 1526 2841 1587 rudi
2935 1527 3206 1588 homine

758 1615 1132 1697 Mommsen
1180 1642 1564 1717 corruptum
1619 1654 1766 1696 esse
1817 1641 2026 1715 putat.
2088 1630 2289 1712 Quod
2343 1653 2504 1695 vero
2557 1633 2642 1694 ad
2701 1635 2902 1696 finem
2959 1636 3205 1716 epistu-

752 1743 974 1806 larum
1030 1752 1308 1824 spectat‚
1367 1741 1594 1804 verbis
1664 1742 1810 1804 vale
1884 1749 1998 1803 aut
2058 1740 2271 1804 valete
2319 1762 2493 1824 quae
2557 1743 2631 1804 in
2685 1741 2891 1805 latine
2941 1743 3210 1825 scriptis

756 1850 1090 1932 leguntur,
1145 1849 1505 1932 respondet
1555 1847 1950 1930 plerumque
2006 1848 2292 1910 verbum
2350 1849 2665 1935 εὐτυχεῖτε.
2717 1849 2864 1911 Hoc
2907 1850 3209 1930 profecto

756 1957 1014 2019 nullam
1083 1958 1546 2039 exceptionem
1601 1955 1898 2018 admittit
1946 1957 2017 2016 in
2068 1955 2375 2038 epistulis
2421 1965 2561 2018 tam
2624 1957 2832 2018 variis
2883 1956 3209 2018 Hadriani

756 2065 1220 2146 Antoninique
1282 2087 1296 2126 ε
1384 2083 1869 2146 nonnunquam
1940 2062 2106 2125 alibi
2177 2064 2556 2126 invenimus
2636 2068 2905 2148 ἐρρῶσθαι
2972 2067 3209 2147 εὔχομαι

750 2179 921 2253 ὑμᾶς,
996 2176 1263 2257 ἐρρῶσθαι
1319 2176 1457 2251 ὑμᾶς
1531 2172 1791 2253 εὔχομαι,
1868 2152 2160 2253 ἐρρῶσθαι.
2211 2175 2352 2249 ὑμᾶς
2422 2173 2691 2251 βούλομαι
2770 2172 2880 2251 (5),
2967 2169 3213 2252 quibus

757 2280 985 2344 verbis
1041 2278 1567 2361 comparandum
1614 2286 1717 2340 est
1763 2277 1938 2338 illud
1990 2276 2169 2339 Bene
2225 2276 2446 2339 valere
2501 2296 2616 2339 00³
2669 2275 2977 2361 cupimus
3032 2275 3213 2359 quod

748 2387 834 2449 -in
912 2385 1237 2467 rescripto
1320 2383 1750 2446 Constantini
1842 2383 2227 2444 invenimus
2289 2383 2435 2462 (6);
2523 2382 2948 2465 simplicius..
2987 2393 3209 2446 autem

759 2496 972 2576 ἔρρωσο
1046 2494 1133 2575 (7)
1190 2490 1552 2573 aliquando
1607 2489 2002 2572 reperimus.
2079 2488 2394 2573 Εὐτυχεῖτε
2469 2485 2654 2551 vero'
2695 2498 2830 2551 tam
2896 2490 3208 2572 frequens

759 2609 881 2671 est,
955 2608 1026 2661 ut
1100 2597 1418 2679 colligere
1491 2597 1828 2678 possimus
1911 2616 2049 2657 non
2122 2596 2424 2676 eamdem
2482 2597 3033 2687 consuetudinem
3102 2598 3211 2660 bic

759 2727 906 2770 esse
962 2716 1224 2790 captam
1280 2713 1480 2788 atque
1529 2706 1602 2765 in
1653 2703 2185 2766 Ptolemaeorum
2251 2705 2488 2766 aetatis
2542 2703 2779 2778 titulis,
2844 2706 2913 2765 in
2966 2704 3212 2787 quibus

760 2823 1053 2898 εὐτυχεῖτε
1131 2812 1215 2876 ad
1298 2812 1700 2895 superioreS,
1778 2819 1843 2872 et
1910 2814 2152 2896 ἔρρωσθε
2227 2810 2316 2871 ad
2388 2810 2745 2873 inferiores
2819 2811 3211 2895 plerumque

760 2924 966 2985 scribi
1022 2921 1380 2984 videbatur
1434 2920 1544 2998 (8).
1619 2919 1974 2982 Praesides
2044 2928 2273 2980 contra
2339 2920 2844 3001 provinciarum
2901 2929 2976 2982 ut
3031 2920 3207 2981 vide-

759 3031 980 3092 bimus
1026 3028 1225 3099 infra,
1273 3027 1357 3088 ad
1414 3035 1710 3089 veterem
1759 3045 1991 3107 regum
2040 3045 2298 3087 morem
2340 3025 2688 3107 paululum
2744 3028 3213 3109 regrediuntur

744 3137 956 3200 -Unde
1038 3133 1405 3197 verisimile
1493 3131 1741 3193 habere
1837 3151 2198 3213 possumus
2285 3133 2616 3214 principes
2710 3152 3049 3206 romanos,
3136 3154 3211 3196 ac

756 3243 1117 3325 ,praecipue
1172 3241 1581 3316 Antoninos,
1662 3238 1824 3300 dum
1898 3239 1985 3300 ad
2015 3239 2315 3301 ..incolas
2395 3241 2744 3321 regionum
2821 3262 3206 3322 graecarum

747 3507 751 3512 ’
857 3508 923 3566 (1)
958 3506 1197 3555 Verbum
1236 3489 1427 3570 χαίρειν
1463 3504 1587 3552 nota
1623 3504 1678 3552 in
1711 3505 1898 3552 nostro
1934 3515 1985 3551 n.
2024 3499 2110 3552 ’72
2144 3503 2348 3551 abesse.

855 3587 922 3648 (9.)
955 3585 1055 3646 Qui
1088 3585 1320 3634 bonores
1347 3596 1452 3632 non
1486 3585 1705 3634 exstant
1757 3584 1811 3631 in
1860 3584 2062 3638 nostris
2108 3584 2352 3632 numeris
2386 3582 2446 3642 9,
2481 3581 2576 3634 14.
2615 3582 2718 3639 36,
2757 3583 2860 3640 72,
2897 3583 3017 3644 ⁷43
3067 3586 3207 3647 quod

752 3668 1179 3730 haudquaquam
1216 3665 1524 3719 mirandum
1558 3668 1655 3720 est,
1689 3664 1884 3714 saltem
1915 3664 1969 3712 in
1990 3665 2210 3727 papyris
2243 3662 2319 3714 14
2353 3666 2408 3713 et
2441 3661 2545 3725 36,
2566 3677 2803 3727 quarum
2838 3664 3008 3714 altera
3044 3668 3208 3714 etiam

761 3748 951 3798 falsam
985 3745 1276 3809 epistulam
1312 3745 1572 3807 praebere
1607 3745 1759 3792 nobis
1793 3744 2032 3793 videtur.

754 3827 765 3848 ⁸
814 3833 820 3837 ’
852 3827 923 3888 (3)
958 3827 1087 3875 Vide
1120 3828 1367 3875 nostrum
1401 3838 1454 3875 n.
1490 3823 1592 3886 68,
1632 3841 1683 3889 9.

856 3909 924 3968 (4)
958 3908 1326 3958 Germanicus.
1379 3908 1533 3969 pater
1578 3905 1913 3968 Agrippinae
1964 3905 2190 3966 ideoque
2240 3917 2376 3954 avus
2432 3904 2675 3966 Neronis,
2731 3908 2850 3955 erat
2901 3907 3014 3968 lpse
3069 3906 3210 3955 lilius

760 3991 1046 4051 adoptivus
1080 3987 1293 4036 Tiberii.
1332 3987 1405 4036 De
1439 3987 1535 4036 hoc
1570 3986 1782 4046 mend0,
1819 3985 1942 4033 vide
1977 3983 2035 4045 ⁷,
2064 4001 2090 4048 7
2127 3987 2182 4033 et
2214 3986 2669 4035 commentarium
2705 3980 2996 4037 editorum.
3051 3986 3206 4037 Diu!

761 4072 916 4132 putat
968 4083 993 4116 «
1018 4068 1292 4117 hominem
1324 4068 1586 4116 Graecum
1622 4065 1830 4114 latioris
1865 4066 2098 4114 notionis
2133 4064 2337 4129 ἔκγονος
2387 4077 2707 4124 memorem,
2758 4065 2959 4116 omisso
3010 4072 3207 4126 υἱωνός,

762 4151 924 4199 verba
969 4152 1023 4198 ln
1054 4151 1278 4199 brevius
1314 4147 1666 4196 contraxisse.
1706 4163 1729 4192 »

756 4223 762 4230 ’
855 4230 927 4290 (ὅ)
962 4230 1093 4279 Vide
1125 4229 1355 4277 indicem
1391 4241 1404 4274 ε
1438 4228 1587 4276 varia
1620 4226 1896 4275 notabilia.

854 4309 923 4371 (6)
957 4310 1062 4360 ClL
1095 4310 1185 4370 111,
1224 4310 1349 4358 Pars
1384 4309 1423 4368 l,
1459 4320 1510 4369 p.
1544 4305 1624 4366 63,
1656 4320 1710 4356 n.
1743 4307 1858 4357 352.

855 4392 924 4453 (7)
961 4391 1045 4441 78
1082 4379 1351 4453 (Epistula
1390 4387 1712 4446 Caracallae)
1767 4387 1914 4448 Quod
1964 4387 2108 4436 idem
2161 4387 2392 4436 verbum
2446 4390 2671 4450 apparet
2703 4388 2758 4436 in
2805 4393 2991 4440 nostro
3034 4404 3087 4441 n.
3125 4390 3209 4442 63

760 4461 914 4535 cujus
946 4485 1052 4521 non
1086 4471 1473 4533 adscrtpsimus
1510 4452 1809 4530 exemplar.
2295 4457 2302 4462 ’

849 4553 918 4614 (8)
955 4553 1029 4602 De
1075 4552 1175 4602 hac
1222 4547 1629 4610 consuetudine,
1682 4548 1806 4596 vide
1849 4547 2086 4611 Jouguet
2137 4546 2259 4596 BCH
2304 4547 2422 4597 XXI
2468 4546 2628 4609 (1897)
2672 4561 2723 4611 p.
2780 4550 2864 4599 141
2914 4563 2998 4614 sq.
3028 4578 3090 4587 —
3130 4552 3206 4602 Cf.

762 4645 950 4682 omnes
983 4631 1243 4694 epistulas
1276 4641 1465 4692 regum
1502 4641 1639 4690 quas
1686 4626 1877 4675 Michel
1931 4628 2302 4690 transcripsltt
2337 4626 2412 4680 35.
2462 4627 2736 4684 (Antiochi
2773 4630 2997 4692 Soteris)
3043 4646 3093 4681 v.
3131 4634 3207 4696 18,

764 4713 1012 4778 ἐ’ρρωσθες
1047 4712 1125 4769 38.
1161 4711 1436 4768 (Eumenis
1471 4709 1513 4769 l)
1548 4722 1598 4758 v.
1635 4706 2003 4772 20,“ἕρρωσθι;
2039 4708 2100 4756 42
2132 4707 2386 4769 (Philippi
2419 4706 2480 4767 V)
2516 4721 2547 4755 v
2603 4708 2680 4774 15,
2717 4709 2953 4774 ἔρρωσθε,
2985 4717 3085 4763 etc.
3135 4728 3140 4734 ’
3195 4769 3204 4777 ,
